3159 4792
570 508 667 559 contre
684 518 794 562 errones
807 501 847 570 ll.
867 503 944 557 luth.
1165 495 1228 566 267

343 689 470 752 Domini
489 696 719 770 conpescunt,
747 688 804 750 sod
828 688 1006 770 dispergant
1029 686 1228 750 etlsoerent.

345 773 412 835 Vos
435 774 535 852 euim,
555 772 637 850 Leo,
665 792 723 834 vos
748 770 786 855 (o
808 773 952 851 miseria)
977 770 1171 834 convertistis
1197 770 1228 830 in

343 855 579 918 amaritudinem
601 856 757 934 iudicium,
779 863 811 917 st
824 856 954 918 fructum
966 857 1101 916 iustitiae
1122 855 1154 914 iu
1177 852 1229 916 ab·

344 940 514 1022 synthium.
556 940 622 1019 Vis,
644 939 727 1019 quod
747 941 838 1020 petis,
860 939 1045 1020 impetrare?

260 1077 270 1092 ,
343 1023 374 1100 l)
399 1022 510 1085 Adhuc
540 1022 615 1084 nihil
648 1021 764 1101 oravit,
798 1022 880 1102 quod
900 1024 1095 1102 impetratum
1125 1019 1229 1096 vellet,

346 1107 571 1168 conscientiam
592 1105 725 1167 hominis
759 1106 895 1187 appello.
938 1107 1007 1166 Vne
1030 1102 1228 1166 desideranti·

345 1189 404 1250 bus
432 1189 513 1250 diem
535 1190 677 1265 Domini,
709 1188 810 1252 Amos
832 1193 862 1254 5.
884 1188 963 1250 Nam
981 1195 1029 1264 tu,
1061 1188 1140 1266 Leo,
1177 1184 1230 1247 ubi

345 1271 500 1354 regnabis,
521 1273 547 1333 si
569 1271 921 1354 quaudoremengatilla
942 1292 961 1332 a
981 1271 1070 1334 vobis
1092 1271 1233 1334 demersa

345 1355 529 1418 Sanctorum
551 1354 706 1418 ecclesia?

388 1437 554 1521 Dudumc)
580 1438 748 1519 siquidem,
770 1438 852 1518 quod
875 1459 950 1520 prae
972 1439 1067 1500 animi
1089 1436 1231 1516 augustia
1278 1439 1283 1445 '

305 1529 337 1582 et
358 1540 502 1583 moerore
512 1526 548 1600 b)
574 1519 746 1604 exprimere
767 1523 819 1582 vix
841 1541 1014 1602 possumus,
1036 1520 1098 1582 lide
1121 1519 1228 1600 digno-

304 1625 370 1666 rum
392 1604 491 1666 relatu
512 1624 550 1666 ac
580 1606 663 1666 fame
683 1605 808 1686 publica
828 1607 996 1682 referente,
1031 1604 1070 1665 ad
1093 1609 1230 1664 nostrum

305 1689 449 1770 pervenit
469 1687 658 1771 auditune),
681 1691 743 1751 imo
768 1709 851 1768 vcro,
874 1690 952 1769 proh
966 1685 1110 1764 dolend),
1133 1684 1231 1747 ooulis

305 1772 420 1832 nostris
442 1770 572 1832 vidimus
595 1771 803 1853 selegimus,
834 1773 946 1834 multos
967 1772 1127 1832 sevarios
1150 1787 1231 1830 erro·

305 1874 365 1932 res,
389 1853 542 1934 quosdam
567 1855 712 1916 videlicet
725 1857 786 1916 iam
809 1875 863 1936 per
877 1855 1069 1932 concilias),
1091 1871 1128 1914 ac
1142 1853 1231 1913 Prae·

305 1937 505 2001 decessorum
544 1945 719 2002 nostrorum
746 1939 982 2001 constitutiones
990 1937 1019 2021 f)
1060 1938 1232 2013 damnatos,

305 2021 459 2082 haeresim
473 2021 564 2083 etiam
578 2021 767 2085 Graecorum
780 2028 812 2082 et
822 2023 1064 2094 Bohemicams)
1085 2037 1232 2100 expresse

306 2105 515 2184 continentes,
537 2105 616 2166 alios
640 2124 712 2167 vero
733 2107 906 2185 respective
914 2103 950 2188 h)
976 2105 1025 2165 vel
1047 2103 1231 2180 haereticos,

307 2187 357 2248 vel
379 2186 493 2266 falsos,
516 2188 566 2248 vel
588 2187 808 2270 scandalosos,
834 2188 885 2248 vel
907 2190 1025 2269 piarum
1047 2189 1165 2248 surium
1187 2184 1231 2246 ol·

309 2271 465 2348 fensivos,
494 2271 545 2332 vel
578 2271 762 2351 simplicium
785 2272 932 2332 mentium
960 2268 1189 2348 seductivosi),
1212 2287 1232 2328 a

305 2350 435 2432 fulsisk)
459 2351 533 2416 fidei
554 2353 736 2430 cultoribus,
758 2355 810 2435 qui
832 2373 887 2434 per
908 2351 1106 2433 superbaml)
1130 2352 1227 2412 curio·

308 2437 431 2498 citatem
441 2439 506 2514 111),
543 2435 691 2507 mundin)
716 2437 888 2518 gloriamo)
914 2437 1089 2517 cupientes,
1121 2441 1230 2496 eontra

308 2519 456 2598 Apostoli
468 2518 650 2599 doctrinam,
658 2520 727 2601 plus
739 2541 848 2602 sapere
861 2521 978 2598 volunt,
993 2522 1126 2600 quaml)
1144 2537 1233 2599 opor-

307 2610 389 2663 teat:
424 2620 552 2681 quorum
574 2603 736 2684 garrulitas
760 2603 812 2686 (ut
832 2605 931 2684 inquit
959 2597 1231 2684 Hieronymusqll

308 2686 377 2746 sine
400 2683 621 2765 Scripturarum
644 2688 808 2751 autoritate
845 2707 908 2748 non
945 2686 1108 2763 haberetur)
1132 2685 1235 2761 fidem,

308 2769 369 2828 nisi
391 2767 569 2830 viderentur
588 2769 800 2851 perversams)
829 2771 1019 2848 doctrinam,
1042 2771 1136 2832 etiam
1159 2767 1233 2830 divi-

311 2853 357 2911 nis
370 2852 565 2930 testimoniis,
579 2853 692 2928 malet)
718 2859 821 2914 temen
838 2855 1055 2933 interpretatis,
1075 2851 1233 2914 roborare.

309 2934 336 2994 A
358 2952 488 3014 quorum
513 2935 610 3002 oculis
631 2936 689 2999 Dei
712 2936 848 3019 timoru)
875 2937 1011 3010 recessit,
1033 2935 1161 2996 humaui
1182 2951 1233 3012 ge·

309 3015 533 3099 uerishostex)
548 3025 743 3099 suggerente,
765 3021 887 3080 noviter
900 3020 1074 3093 suscitatos,
1096 3021 1128 3078 et
1139 3033 1236 3095 nuper

307 3099 388 3180 apud
410 3099 562 3179 quosdam
583 3101 759 3181 leviorssr)
783 3105 814 3163 iu
837 3099 982 3185 inclitas)
1007 3101 1135 3162 natione
1158 3097 1232 3159 Ger-

310 3184 431 3244 manica
452 3185 630 3246 seminatos.

350 3267 388 3344 a)
411 3265 547 3328 Attende
574 3266 746 3330 Romanam
773 3267 959 3330 facundiam.
983 3267 1020 3344 b)
1045 3265 1169 3329 Dolore·
1189 3265 1234 3324 in-

351 3350 480 3430 tercepti
501 3349 585 3413 lucri,
613 3355 650 3427 c)
672 3351 768 3413 Plane
790 3351 910 3429 vidisti,
944 3352 969 3412 si
999 3350 1071 3432 quid
1101 3367 1234 3427 uuquam

352 3429 449 3492 vides.
471 3429 509 3514 d)
535 3432 653 3494 Scimus
675 3454 739 3496 uon
761 3436 830 3497 siue
848 3453 961 3516 magno
984 3442 1036 3496 tuo
1061 3433 1170 3494 dolore
1193 3432 1235 3490 vi·

351 3513 435 3575 disse
456 3521 502 3594 te,
535 3516 591 3577 sed
613 3515 653 3577 ob
674 3517 705 3578 id
721 3518 890 3580 ¹veritatem
912 3516 1057 3580 deserere
1078 3533 1142 3578 non
1164 3531 1234 3594 pos-

352 3615 466 3659 sumus.
1229 3605 1255 3656 ,²

353 3685 389 3756 e)
414 3680 637 3744 Conciliebuln.
681 3683 709 3759 f)
732 3681 969 3759 Pulchrasillas,
991 3682 1102 3743 ansuis
1125 3679 1234 3760 dignas

353 3763 521 3826 autoribus.
543 3772 581 3846 g)
607 3764 731 3844 Quales,
756 3766 919 3842 oOhrists,
941 3763 1105 3826 haereses?
1138 3771 1148 3837 t
1171 3763 1237 3824 Ex·

353 3866 468 3926 pressa,
489 3849 671 3928 respective,
693 3849 832 3930 pulchre,
845 3849 995 3910 Romane.
1017 3844 1235 3930 i)lusuu1mn,

353 3948 459 3990 sanem
472 3936 504 3990 et
518 3931 723 3992 orthodoxam
740 3933 928 4011 opinionem,
951 3930 1005 3991 sed
1024 3930 1138 3992 idcirco
1153 3929 1235 3990 dam·

354 4012 498 4094 nondam,
521 4015 593 4092 quia
614 4033 670 4097 per
690 4015 864 4078 huiusmodi
886 4014 1057 4079 doctrinam
1079 4033 1144 4081 uon
1165 4012 1235 4075 lice·
