3159 4792
352 512 416 579 320
662 512 759 567 Oratio
778 511 813 567 D.
833 507 868 569 ll.
886 510 1000 569 lutheri

352 699 489 780 poscit
510 693 677 759 alterius
701 716 808 777 opem
831 716 908 776 res,
929 699 1064 780 ignoti
1085 697 1196 775 nulla
1219 706 1278 758 cue

352 782 468 862 pido;
490 788 574 841 certe
597 780 692 841 multo
715 783 817 840 minus
839 801 941 842 sermo
964 788 1022 843 eat.
1064 781 1173 861 Neque
1196 782 1278 842 enim

354 865 499 945 Virgilius
533 872 587 925 aut
613 864 722 924 Cicero
758 864 889 925 feliciter
909 864 998 925 Pauli
1031 864 1195 945 epistolam
1227 871 1279 924 out

352 948 482 1010 Joannis
505 947 699 1027 evangelium
723 946 887 1025 scriberet,
920 966 1021 1027 neque
1044 948 1156 1008 Paulus
1179 948 1277 1009 Geor·

353 1033 424 1128 gica
444 1029 563 1109 Virgilii
588 1037 641 1090 aut
662 1030 819 1091 orationes
842 1031 1011 1094 Ciceronis
1052 1031 1183 1092 Diversa
1208 1038 1279 1091 snut

352 1116 435 1174 enim
458 1132 513 1173 ore
534 1120 566 1172 et
590 1114 770 1193 sapientiae

435 1195 594 1275 Sapientia
615 1198 708 1276 igitur
728 1214 747 1256 a
769 1195 891 1257 Christo
920 1199 1074 1277 promisso
1106 1203 1137 1257 et
1160 1196 1279 1257 donato

351 1285 401 1341 est
422 1280 533 1339 notitia
556 1298 655 1339 rerum
687 1279 801 1339 mundo
835 1287 866 1339 et
897 1282 1008 1341 rationi
1035 1280 1277 1361 incognitarum

353 1367 429 1459 pota
451 1362 631 1422 coelestium
661 1370 692 1422 et
722 1362 992 1441 spiritualium,e
976 1370 1151 1438 ettamen,
1190 1362 1277 1441 quod

355 1448 463 1505 mirum
498 1451 560 1523 est,
593 1447 624 1504 in
647 1444 789 1505 cordibus
819 1445 993 1525 hominurn,
1028 1447 1080 1525 qui
1102 1446 1140 1505 de
1162 1445 1278 1505 mundo

353 1535 426 1589 sunt
448 1536 479 1588 et
500 1491 650 1588 rationem
666 1529 781 1588 habent
769 1537 799 1606 t,
821 1528 963 1589 habitans
986 1536 1015 1589 et
1028 1548 1177 1609 regnans,
1201 1530 1280 1588 sicut

353 1630 390 1673 os
425 1610 464 1672 ab
499 1612 568 1691 ipso
603 1613 786 1691 promissum
821 1629 902 1671 nove
938 1612 1062 1709 loquela
1093 1619 1124 1672 et
1152 1612 1277 1692 linguae

353 1714 456 1755 novoe
484 1701 575 1774 sunt,
607 1701 762 1754 ettamen
786 1700 857 1753 suut
883 1698 1019 1754 omnium
1042 1696 1178 1776 gentium
1202 1695 1277 1754 neti·

354 1796 413 1838 vae
435 1778 575 1857 linguae,
608 1779 688 1837 sicut
714 1778 944 1861 scriptumest:
983 1778 1142 1839 Nonsunt
1174 1778 1278 1856 loque·

354 1860 404 1920 lae
432 1878 533 1939 neque
565 1878 741 1937 sermones,
779 1879 907 1938 quorum
937 1881 1000 1920 non
1033 1860 1194 1921 audiantur
1226 1880 1279 1919 vo-

353 1961 544 2003 esseorum.
587 1942 683 2001 Audit
709 1945 790 2002 enim
813 1945 1020 2023 unusquisque
1041 1942 1203 2023 apostolos
1235 1943 1277 2002 lo

353 2032 497 2105 quenten
528 2045 592 2085 non
622 2025 721 2085 solum
750 2026 817 2085 aliis
845 2026 971 2106 linguis,
1009 2026 1063 2086 sed
1086 2035 1116 2086 et
1137 2025 1214 2085 olias
1247 2033 1279 2085 et

351 2127 450 2169 novas
478 2126 527 2167 res
558 2107 800 2189 significantibus
834 2116 865 2169 et
903 2109 1169 2193 praedicantibus
1202 2126 1278 2188 quas

352 2191 492 2251 naturale
535 2211 570 2252 os
609 2199 640 2252 et
673 2191 777 2271 lingua
811 2192 957 2251 orationis
984 2211 1085 2271 neque
1116 2193 1279 2272 cogitarat,

354 2294 455 2354 neque
486 2274 625 2335 audierat
656 2282 781 2334 antea·
775 2274 857 2334 Hic
889 2276 1037 2335 scinditur
1063 2276 1212 2336 incertum
1246 2276 1277 2334 in

355 2359 457 2419 studia
479 2359 632 2418 contraria
638 2358 777 2438 vulgus
801 2377 944 2418 numeros
966 2368 1051 2419 tenet
1060 2361 1106 2437 ¹),
1136 2358 1191 2418 sed
1214 2377 1280 2418 ver-

354 2431 394 2503 ba
422 2460 484 2501 non
522 2407 678 2500 homindm
701 2440 859 2521 intelligit,
897 2460 960 2501 rem
1001 2461 1063 2503 non
1086 2443 1181 2502 novit.
1226 2434 1280 2501 Sa-

354 2526 471 2605 pientia
492 2525 573 2583 enirn
597 2542 679 2582 nova
713 2524 807 2584 verba
839 2525 912 2585 iecit
941 2545 979 2585 ex
1002 2525 1171 2602 veteribus,
1207 2526 1278 2621 quia

354 2624 417 2665 non
440 2613 489 2665 est
511 2613 584 2666 nata
606 2625 645 2665 ex
668 2605 769 2684 nobis,
792 2606 846 2667 sed
869 2607 985 2668 donata
1006 2626 1023 2668 e
1046 2608 1135 2668 coelo
1158 2610 1280 2687 sapien·

354 2690 411 2766 tia,
433 2690 583 2749 invocans
593 2687 624 2772 ²)
650 2691 771 2767 omnia,
805 2692 970 2751 immutans
993 2692 1106 2751 omnia.
1150 2690 1211 2751 Sed
1234 2691 1278 2750 ul·

354 2774 476 2850 timum,
499 2770 582 2850 quod
606 2772 692 2851 dicit,
727 2779 775 2831 est
797 2775 932 2833 omnium
957 2777 1138 2834 maximum:
1174 2774 1278 2852 quod

352 2854 443 2917 huic
465 2856 691 2936 sapientiae
713 2863 749 2915 et
772 2855 1174 2937 eloquentiaonovae
1196 2876 1278 2917 non

353 2938 557 3022 possent³]
582 2940 773 3000 resistere
796 2958 935 3000 omnes
959 2940 1191 3015 adversarii,
1213 2942 1280 3000 sive

352 3031 485 3097 veteres,
508 3024 574 3082 sive
598 3023 681 3083 novi.
726 3021 812 3083 Sicut
828 3030 859 3083 et
870 3022 1016 3098 Esaias&
1042 3024 1134 3083 dicit:
1157 3023 1280 3083 Omne

352 3124 436 3182 vas,
469 3105 582 3184 quod
605 3103 664 3188 αὖ)
689 3111 727 3164 ie
746 3106 935 3186 lingitur,
973 3126 1046 3167 non
1070 3106 1279 3186 dirigetur

352 3196 384 3248 et
405 3187 516 3248 Psolm.
541 3191 575 3250 1:
599 3189 726 3264 Omne,
749 3188 850 3267 quod
871 3190 1003 3268 faciet,
1025 3190 1280 3287 prosperabi-

351 3278 420 3332 tur.
463 3270 610 3331 Nonnulli
644 3271 767 3350 quidem
805 3292 867 3333 nnn
901 3273 999 3334 solum
1022 3274 1185 3355 resistunt,
1223 3272 1279 3333 sed

351 3356 477 3414 vincunt
498 3356 599 3413 eham.
644 3354 758 3414 Verum
781 3355 860 3416 haec
894 3375 1001 3417 eorum
1034 3346 1164 3417 victoria
1193 3355 1280 3416 bulla

349 3426 585 3515 momentonea,
624 3438 686 3498 imo
715 3437 819 3497 clades
849 3446 897 3500 est
928 3446 1054 3500 aeterna
1084 3445 1116 3499 et
1144 3439 1278 3520 perditio

350 3519 567 3617 irreparabilis.
611 3520 734 3600 Spiritui
767 3540 927 3583 veronen
968 3528 1101 3619 possunt
1133 3523 1280 3584 resistere

351 3604 534 3700 sapientiae,
558 3624 637 3684 quae
650 3604 795 3700 loquitur3
812 3605 928 3685 alioqui
950 3607 1017 3685 quis
1029 3606 1125 3665 vellet
1147 3624 1205 3685 pro
1220 3608 1282 3665 ista

341 3688 479 3766 'sapien
472 3706 504 3749 ra
531 3689 595 3767 peti
573 3686 699 3748 todia
721 3687 797 3747 tanti
832 3688 947 3751 dioboli
979 3695 1009 3749 et
1038 3690 1132 3749 totius
1163 3688 1280 3768 mundi,

347 3810 776 3826 m

424 3871 456 3928 tt
478 3865 629 3918 Schneider
657 3864 913 3933 interpungendum
940 3866 1108 3933 suspicatur:
1140 3863 1190 3916 Hic
1209 3864 1282 3915 scin-

352 3937 427 3990 ditur
445 3941 580 3991 incertum
600 3940 629 3989 in
649 3937 742 3998 studia
762 3940 904 3991 contraria
923 3937 1033 4005 vulgus,
1054 3950 1187 3988 numeros
1204 3941 1283 3988 tenet

351 4016 402 4062 etc.
439 4009 472 4074 2)
502 4009 667 4062 Schneider:
696 4010 835 4060 innovans
889 4010 922 4077 3)
949 4008 1113 4063 Schneider:
1150 4014 1281 4075 possunt.

349 4080 383 4147 4)
402 4079 460 4133 les.
480 4081 523 4145 54,
544 4081 585 4134 17.
623 4080 655 4145 5)
677 4080 843 4133 Schneider:
863 4098 885 4135 a.
906 4098 939 4128 =
959 4086 1064 4134 contra.
