3159 4792
328 499 349 565 6
571 507 575 512 “
727 498 863 570 Epistola

330 689 378 751 Διι
401 708 463 751 non
487 708 560 751 vere
582 688 712 770 quadret
732 690 831 750 ineos
848 688 1148 769 propheticumlroc:
1172 686 1254 764 Quo·

331 771 426 834 modo
450 773 516 833 sola
540 771 629 833 sedet
650 772 776 833 domina
797 773 943 853 gentium,
966 773 1109 869 princeps
1131 773 1255 851 provin·

331 857 467 917 ciarum?
491 855 675 917 Sacerdotes
698 857 763 916 eius
786 861 962 936 gementes,
993 856 1064 934 quia
1088 852 1140 937 (ιιι
1159 855 1253 935 paulo

331 939 412 1000 inira
433 941 585 1019 sequitur)
613 938 745 1018 dispersi
768 938 979 1018 suntlapides
1002 940 1165 999 sanctuarii
1189 940 1270 999 eius.

329 1023 361 1083 in
400 1024 502 1103 capite
536 1022 672 1097 omnium
710 1004 892 1101 platearum.
944 1021 1009 1081 Filii
1032 1020 1107 1081 Sion
1135 1020 1253 1102 inclyti,

330 1106 435 1166 amicti
466 1124 541 1165 auro
568 1106 684 1185 primo,
719 1105 876 1185 quomodo
912 1104 983 1165 lacti
1012 1112 1083 1165 sunt
1115 1106 1146 1163 in
1178 1124 1255 1164 vasa

330 1195 439 1249 testea
1123 1221 1127 1231 ‹

412 1270 473 1332 Sed
503 1269 606 1331 dicent
632 1271 770 1331 fortassis
802 1275 854 1347 (ut
883 1274 954 1331 suot
980 1269 1018 1329 ad
1057 1270 1254 1331 excusandos

330 1372 450 1416 errores
483 1372 556 1414 suos
589 1354 720 1433 argutuli
754 1353 926 1431 nonnulli),
957 1354 1083 1413 minime
1112 1372 1146 1414 se
1168 1352 1254 1413 solos

330 1457 399 1499 esse
434 1444 486 1497 aut
519 1438 586 1497 sine
606 1436 745 1514 Theseo,
784 1436 1032 1517 quandoquidem
1067 1456 1107 1497 ex
1140 1436 1254 1498 nostris

330 1522 423 1582 etiam
445 1521 588 1581 factionis
617 1540 692 1580 suae
714 1527 899 1581 assertorem
928 1518 1064 1581 habeant
1085 1520 1254 1580 Ductorem

206 1628 221 1649 ι
330 1605 491 1665 Martinum
514 1603 695 1679 Lutherum,
731 1622 823 1663 unum
856 1604 1009 1680 omnium,
1042 1603 1093 1682 qui
1115 1602 1255 1664 abstrusa

330 1706 438 1749 sacrae
460 1686 636 1767 Scripturas
664 1706 756 1746 sensa
786 1694 855 1755 (ceu
884 1684 989 1745 divina
1021 1686 1159 1766 virgula)
1190 1692 1253 1745 tum

331 1769 416 1832 solus
451 1772 597 1849 attingat,
632 1776 694 1830 tum
728 1768 767 1829 ad
790 1768 983 1830 stomachum
1013 1787 1119 1828 eorum
1153 1768 1256 1845 faciat,

331 1855 444 1933 quique
458 1855 614 1913 cornicum
628 1852 736 1913 oculos
752 1854 834 1933 potis
849 1853 888 1914 sit
911 1850 1077 1931 conligere.
1094 1850 1255 1927 'Quamob-

331 1956 395 1996 rem
429 1935 501 1995 dum
531 1934 763 2014 idemLipsiae
790 1954 890 2014 nuper
917 1933 1103 2013 decertaret,
1132 1934 1255 2015 publica

330 2019 397 2080 Deo
420 2018 572 2099 supplicia
585 2018 629 2098 ιι,
652 2017 894 2097 quotidianaque
918 2015 1009 2099 (licet
1030 2018 1174 2097 profana)
1197 2036 1254 2097 pro

331 2120 370 2162 eo
393 2120 481 2162 sacra
502 2100 623 2179 secisse,
645 2100 835 2181 populariter
855 2101 1034 2182 gloriantur.

413 2185 604 2245 Omiserum
625 2184 806 2258 Lutherum,
836 2185 860 2243 si
890 2183 1087 2248 exsecrandis
1118 2190 1148 2243 et
1181 2183 1256 2245 abo-

330 2267 524 2329 minabilibus
545 2269 674 2328 istorum
693 2268 822 2347 piaculis
836 2266 982 2343 conlisus,
1005 2286 1042 2326 ac
1065 2285 1128 2327 non
1150 2268 1254 2346 potius

328 2352 391 2431 iugi
415 2350 637 2430 scripturarum
661 2350 861 2411 meditatione
886 2350 1014 2429 (quibus
1037 2369 1055 2409 a
1077 2350 1200 2427 teneris,
1223 2358 1257 2409 ιιι

331 2435 426 2513 aiunt,
448 2434 620 2512 unguiculis
643 2434 828 2494 indefessam
851 2433 976 2495 navavit
996 2432 1142 2513 operam)
1159 2433 1254 2493 iratus

333 2536 401 2577 cum
424 2517 592 2577 fortissimo
616 2516 847 2597 Theologorum
870 2514 966 2578 Eccio
996 2535 1131 2597 pugnam
1161 2518 1254 2577 ineat.

321 2600 397 2680 ,lmo
424 2618 499 2661 vero
529 2600 603 2659 nihil
631 2602 823 2671 constantius
850 2598 931 2659 idem
961 2618 980 2659 a
1008 2618 1041 2659 se
1067 2599 1179 2679 repulit
1199 2599 1255 2659 Lu·

332 2682 498 2760 merus²)‚
531 2702 621 2762 quam
653 2683 762 2743 falsam
790 2683 872 2742 hanc
904 2682 1095 2761 quorundam
1125 2681 1163 2741 da
1185 2684 1254 2762 ipso

331 2766 550 2846 suspicionem.
592 2767 700 2845 Neque
721 2765 817 2827 Eecio
845 2784 973 2845 usquam
1002 2772 1066 2826 tam
1090 2766 1201 2825 restitit
1223 2766 1254 2824 in

332 2849 457 2926 taciem,
484 2863 574 2928 quam
606 2849 658 2909 ubi
688 2851 759 2909 ioco
793 2848 843 2909 vel
874 2851 954 2909 serio
985 2846 1153 2930 (incertum
1187 2852 1251 2924 est)

331 2940 493 3014 patronum
521 2951 590 2992 eum
613 2932 819 2994 Bohemorum
852 2931 1041 2998 subluderct,
1078 2950 1133 2991 sua
1159 2932 1255 3011 ipsius

331 3035 409 3078 voce
431 3015 581 3076 damnans
603 3017 795 3077 temerariam
819 3034 923 3076 eorum
947 3016 1061 3075 assde
1083 3014 1257 3094 apostolica
1337 3011 1346 3023 “

332 3100 565 3177 discessionem,
587 3119 687 3178 neque
699 3119 733 3159 se
754 3101 785 3159 in
804 3098 935 3159 hocillis
948 3098 1255 3175 consentire,·neque

333 3202 555 3243 consensurum
580 3201 714 3261 unquam
737 3182 860 3261 publice
881 3188 1066 3262 protestans.

415 3266 565 3325 Desinant
586 3266 678 3346 igitur
699 3266 801 3325 miseri
823 3284 938 3325 vexare
954 3282 1093 3342 superos,
1116 3268 1169 3322 aut
1188 3282 1254 3341 pre-

332 3349 418 3410 cibus
439 3348 551 3409 fmstra
572 3349 734 3422 lacessere,
758 3349 923 3408 nonenim
947 3354 1008 3407 tam
1025 3352 1205 3426 praesentes
1224 3346 1255 3405 in

332 3439 406 3493 vota
432 3451 488 3491 sua
509 3432 605 3492 Divos
632 3431 676 3491 illi
705 3432 833 3508 habent,
864 3438 897 3491 ut
927 3431 974 3491 vel
1003 3436 1049 3508 tu,
1078 3428 1255 3489 venerande

323 3535 438 3593 senex,
460 3515 509 3575 vel
533 3517 637 3583 cet-eri
661 3517 710 3594 qui
725 3514 826 3574 adhuc
841 3514 952 3575 Christi
971 3516 1122 3573 intervos
1140 3513 1257 3591 spirant

332 3601 480 3677 amorem,
501 3606 628 3678 propter
654 3598 895 3678 disputationem
926 3596 1007 3657 hanc
1028 3596 1181 3676 Lipsicam
1203 3594 1255 3655 ha-

331 3687 411 3742 stam
432 3681 593 3757 abiiolaut,
622 3683 799 3742 animumve
829 3679 1054 3777 despondeant.
1102 3678 1169 3739 Nec
1198 3684 1255 3755 est,

333 3764 416 3844 quod
438 3765 559 3826 factiosi
584 3766 634 3825 isti
657 3766 721 3825 sive
743 3764 897 3874 Pighardi,
919 3765 985 3825 sive
999 3761 1192 3827 schismatici
1214 3759 1255 3822 cb

334 3902 547 3913 ----——--——-—-

404 3955 434 4016 1)
462 3904 618 4023 intellige:
621 3904 875 4023 supplicationes.
926 3952 1039 4006 loerch.
1106 3949 1139 4017 2)
1176 3948 1257 4019 Apud

332 4026 459 4080 loeson.
481 4025 625 4080 Mutinae.
