3159 4792
479 497 516 561 ‘de
533 504 584 561 illo
603 506 666 560 lille.
680 500 947 564 Vltttbtntttnnrur
965 506 1015 561 eto.
1140 498 1203 571 401

282 690 436 753 Christum
469 698 594 755 exeroet
621 710 717 773 opera
739 692 1083 771 (11144444144414444,
1111 709 1202 773 quani

282 776 351 855 ipse
372 775 566 837 Pharisaeus.
665 814 667 821 ·

345 861 395 923 39.
418 858 486 919 Η44
514 869 579 937 ent,
610 858 692 938 quod
722 878 830 920 verena
858 858 898 917 ad
920 859 1117 920 Pharisaenm
1145 878 1202 920 een

283 940 439 1023 publieam
462 961 644 1022 personam,
678 962 731 1002 een
755 942 795 1002 de
816 942 940 1021 publiea
961 942 1043 1003 fama
1066 944 1201 1004 mulieris

282 1024 441 1104 infletum,
481 1024 603 1106 publiea
636 1025 786 1105 loquitor:
827 1024 906 1085 Dieo
942 1026 1016 1108 tibi,
1048 1026 1202 1087 (11441144-
1317 1014 1322 1021 “

284 1115 333 1168 tur
354 1109 382 1168 ei
405 1116 463 1169 eto.
1045 1144 1073 1155 ··

346 1192 398 1257 40.
419 1190 539 1252 Deinde
560 1192 805 1253 numerat-faeta
827 1192 962 1251 mulieris
984 1192 1111 1271 optima,
1135 1192 1202 1270 qni·

284 1273 342 1335 bun
365 1282 396 1334 et
417 1274 517 1353 legem
539 1276 722 1354 impleverit,
745 1274 891 1335 dumille
913 1274 988 1334 nibil
1010 1273 1134 1334 illoram
1156 1274 1204 1334 ie·

286 1359 371 1436 4441,
394 1364 455 1419 tarn
479 1367 603 1418 sanetus
625 1357 720 1418 index
741 1358 933 1438 peeoatriois.

348 1444 399 1503 41.
421 1441 472 1501 Ad
494 1441 654 1501 mulierem
670 1458 745 1502 vero
768 1454 874 1501 444444
895 1440 1038 1519 privatim
1060 1438 1204 1518 loqnitnn

287 1524 354 1583 eins
378 1525 528 1603 privatam
546 1524 637 1583 iidem
653 1524 793 1601 laudans,
814 1523 882 1583 Tua
903 1521 998 1598 tideus
1011 1524 1119 1600 inquit,
1144 1531 1202 1583 ete.

349 1608 401 1670 42.
423 1606 673 1681 Quaeidioeret:
702 1608 748 1667 'l'u
770 1606 976 1687 peceatrieern
998 1606 1128 1665 damona
1150 1621 1203 1685 pn·

288 1690 416 1766 blieam,
448 1708 516 1749 oum
548 1692 616 1769 ipsa
638 1709 700 1751 non
723 1691 824 1751 solum
851 1688 924 1749 lidei
945 1690 1077 1765 institia,
1109 1703 1203 1768 quam

288 1772 356 1832 non'
375 1772 479 1851 vides,
512 1780 542 1833 te
560 1773 653 1853 longe
675 1774 888 1855 praevenerit,
919 1772 974 1832 aed
997 1780 1030 1833 et
1049 1771 1127 1852 legin
1149 1791 1203 1832 neu
1272 1830 1287 1857 Ἴ

288 1856 464 1917 dilectionis
486 1856 617 1933 institia,
648 1874 743 1935 qoam
771 1864 803 1917 tu
832 1855 982 1917 aeetendo
1008 1873 1073 1915 non
1093 1872 1204 1935 appio

289 1938 408 2016 heridis,
431 1948 461 1998 te
483 1940 647 2019 superavit.

352 2023 403 2087 43.
426 2022 513 2081 1(1444
550 2023 643 2102 igitur
676 2022 777 2103 dignis
813 2021 1025 2103 poenitentiae
1057 2020 1204 2082 fructibus
1316 2063 1319 2068 >

289 2106 413 2184 p-nblioe
424 2124 509 2165 euam
527 2104 769 2183 reclamanem,
791 2104 982 2165 etoatendat
996 2104 1205 2181 dileetionern‚

290 2188 384 2249 debet
404 2190 496 2249 etiarn
519 2188 643 2269 publioe
664 2208 768 2249 eoram
791 2188 879 2249 vobin
907 2186 1051 2248 absoluta
1072 2197 1104 2249 et
1124 2190 1206 2249 irrata

289 2270 405 2333 haberi.

353 2356 403 2417 44.
424 2353 565 2431 Summa,
588 2354 725 2415 Christos
747 2355 779 2414 in
806 2353 869 2415 boe
901 2360 985 2414 totus
1016 2362 1064 2414 eat
1081 2362 1205 2414 eontra

291 2437 501 2515 Pharisae'um‚
536 2445 569 2497 nt
590 2437 747 2517 pobliount
772 2438 839 2497 eina
864 2436 1008 2507 indioinrn
1034 2436 1074 2497 de
1096 2456 1204 2517 44444-

290 2522 366 2581 triee
388 2521 511 2600 publiea
522 2521 658 2581 eiusdem
676 2522 860 2602 peeoatrioia
879 2519 1204 2583 institioeondeninet.

352 2606 404 2668 44.
426 2603 505 2664 ldeo-
524 2623 587 2679 non
608 2606 638 2663 ei
658 2612 802 2665 numerat
815 2603 919 2680 iidem,
941 2603 998 2665 aad
1018 2622 1116 2685 opera
1135 2622 1206 2684 poe

290 2689 423 2764 eatriois,
445 2698 475 2747 et
498 2688 598 2767 arguit
618 2688 694 2749 nihil
716 2687 778 2748 tale
800 2708 819 2747 a
835 2688 1002 2749 Pharisaeo
1019 2690 1178 2768 praestari.

351 2772 400 2833 46.
423 2771 470 2831 lta
490 2781 573 2831 reate
596 2774 722 2832 verbum
744 2770 858 2831 christi
885 2770 925 2831 ad
946 2770 1144 2831 Pharisaeom
1167 2770 1207 2832 de

290 2854 415 2934 publiea
436 2856 619 2915 remissione
639 2854 831 2935 intelligitur,
851 2852 920 2913 ‘l'ibi
941 2853 1022 2931 dieo,
1043 2855 1154 2932 inquit,
1174 2854 1206 2913 id

290 2948 347 3015 ent,
369 2936 492 3016 publice
514 2937 602 2998 vobio
624 2936 775 3017 significo

351 3023 402 3084 47.
425 3020 495 3080 Hoo
515 3029 578 3099 eat,
603 3020 692 3098 volo,
707 3027 755 3080 -nt
776 3018 867 3079 etiarn
890 3036 995 3079 eoram
1017 3017 1106 3079 vobin
1128 3019 1208 3079 iusta

289 3113 322 3164 et
344 3112 453 3165 saneta
466 3104 624 3183 habentur,
646 3110 680 3163 ut
700 3122 780 3182 quae
799 3102 870 3183 pluo
882 3102 1070 3183 praestiterit
1080 3103 1111 3162 in
1126 3102 1206 3181 lege,

290 3206 383 3267 qnam
407 3206 463 3247 voa
486 3194 518 3247 et
538 3187 638 3247 laoitis
660 3194 692 3249 et
713 3186 893 3267 intelligitis.

351 3271 403 3333 48.
425 3269 474 3329 Ad
489 3269 648 3331 mulierem
663 3288 738 3331 vero
752 3288 871 3349 verena,
895 3287 950 3330 eeu
969 3269 1118 3349 privatam
1141 3287 1206 3349 per·

289 3372 418 3429 aonam,
462 3354 591 3414 nivatam
615 3354 680 3415 eine
702 3354 924 3415 eonaoientiam
948 3352 1142 3429 oonaolatnr,
1164 3351 1207 3412 di-

290 3456 378 3515 4444,
399 3372 490 3497 Fides
512 3443 573 3497 tua.

182 3526 183 3533 ’
299 3566 305 3573 ,
352 3520 403 3585 49.
425 3518 500 3579 Erat
531 3526 634 3580 autam
655 3517 776 3580 ludaeis
812 3501 1025 3597 intolerabile,
1058 3519 1084 3577 si
1112 3517 1208 3579 bomo

290 3602 348 3663 sibi
379 3610 538 3683 arrogaret
569 3609 755 3682 potestatem
788 3602 965 3664 remittendi
997 3607 1142 3682 peecata,
1176 3608 1210 3660 nt

289 3686 396 3748 Matth.
420 3688 448 3749 9.
473 3686 579 3747 elaret.
1027 3685 1029 3690 ’

351 3772 402 3835 50.
425 3769 509 3846 1444,
537 3775 572 3829 ut
593 3767 730 3828 Christus
759 3766 937 3829 ostenderet
964 3786 1034 3828 aeae
1061 3786 1131 3827 esee
1153 3765 1207 3829 do·

289 3854 403 3913 minum
427 3855 583 3931 omnium,
615 3850 750 3913 absolvit
778 3853 982 3931 peceatrieem
1005 3850 1129 3931 publioo
1152 3851 1208 3910 bo·

289 3937 405 3997 minum
428 3935 543 3997 indieio
564 3953 661 3996 ream.
1165 3984 1171 3998 .

351 4023 402 4085 51.
424 4019 465 4081 lit
486 4020 547 4083 boe
568 4020 640 4081 faoit
661 4020 762 4079 selena
785 4025 818 4078 et
838 4018 957 4098 volens,
979 4016 1052 4096 quia
1073 4015 1210 4079 ostendit

318 4138 411 4180 nonen
425 4148 477 4187 opp.
492 4138 560 4180 an.
575 4136 658 4177 arur.
672 4136 724 4176 nra
739 4136 755 4176 4
769 4145 791 4185 p.
806 4136 907 4178 vonrv.
1098 4116 1140 4181 26
