3159 4792
631 505 661 561 Ι),
678 501 714 563 bL
733 504 856 561 Luthsri.
1148 501 1207 572 161

371 693 489 755 Contra
511 694 568 758 bos
590 694 765 775 sciendum,
787 694 871 777 quod
893 681 1034 775 oporteat
1055 694 1211 755 bomrnenr

287 775 455 857 desperare
477 797 547 839 sese
569 780 673 839 omnia
694 798 749 839 sua
771 779 912 840 mortalia
928 783 1056 858 peccata
1071 776 1211 838 confiteri

286 878 423 939 unquam
445 878 552 941 posse,
595 871 626 922 et
647 862 819 923 doctrinam
842 861 941 938 illam,
971 880 1050 941 quae
1073 862 1212 941 vulgatur

286 943 319 1003 in
334 944 466 1005 ecclesia
487 964 527 1005 ex
549 944 697 1021 Decretis,
720 946 804 1025 quod
820 944 916 1006 semel
937 945 968 1004 in
982 944 1212 1005 annoomnium
1312 985 1316 989 -

286 1045 415 1087 suorum
452 1034 647 1107 peccatorum
681 1030 778 1104 (sicut
819 1035 930 1089 sonant
966 1026 1078 1106 verba)
1102 1026 1215 1088 debeat

286 1109 390 1169 facere
413 1110 638 1172 confessionem
662 1113 759 1173 omnis
783 1112 982 1189 Christianus,
1004 1117 1057 1171 aut
1078 1130 1148 1171 ease
1169 1109 1211 1170 di-

286 1192 443 1253 abolicam
466 1200 497 1253 et
517 1194 803 1275 homicidissimam,
826 1201 1040 1275 satagentem
1064 1193 1213 1254 multost

287 1276 362 1337 laxo
384 1276 668 1357 interpretamento.

373 1356 512 1439 Oportet,
534 1362 667 1441 inquam,
689 1380 752 1423 non
765 1362 870 1422 omnia
886 1358 1036 1435 confiteri,
1057 1379 1117 1420 nec
1132 1377 1210 1420 mor-

183 1500 185 1507 ,
287 1442 374 1521 talia,
387 1461 446 1503 nec
459 1444 600 1522 venialia,
613 1446 683 1525 quin
701 1451 825 1525 oportet
840 1462 943 1523 nosse,
966 1442 1049 1522 quod
1064 1449 1136 1523 post
1148 1462 1210 1502 om·

288 1544 362 1585 nem
391 1525 579 1606 diligentiam
602 1547 687 1588 suam
709 1529 822 1587 iactam
845 1526 947 1587 adhuc
967 1526 1117 1586 minorem
1141 1544 1208 1605 par·

287 1615 350 1669 tem
380 1617 577 1689 peccatorum
611 1612 650 1671 sit
682 1612 852 1672 confessus.
894 1608 983 1671 Unde
1021 1608 1105 1669 hoc?
1140 1610 1211 1686 quia

288 1691 363 1752 dicit
385 1692 541 1773 Scriptura
561 1692 641 1754 Psal.
662 1696 700 1757 18
713 1694 762 1768 ¹):
784 1693 834 1753 Ab
857 1692 985 1754 occultis
1001 1693 1076 1751 meis
1100 1690 1212 1752 munda

289 1795 356 1853 me,
379 1774 521 1836 Domine.
563 1776 625 1837 Ista
654 1776 775 1839 occulta
797 1776 882 1837 solus
909 1775 996 1836 Deus
1029 1776 1125 1835 novit.
1174 1774 1215 1833 Et

287 1859 398 1919 iterum
415 1857 469 1941 *):
492 1854 554 1920 Oor
576 1860 720 1921 mundum
736 1860 850 1921 creain
869 1878 935 1936 me,
965 1854 1057 1920 Deus.
1100 1858 1212 1937 Utique

286 1941 477 2002 immundum
507 1942 669 2004 cantitetur
698 1963 752 2005 cor
773 1944 866 2004 etiam
900 1948 962 2003 tam
990 1949 1114 2002 sanctus
1137 1960 1212 2021 pro-

289 2024 395 2105 pheta.
437 2024 478 2085 Et
501 2025 632 2086 ecclesia
653 2033 718 2087 tota
739 2033 848 2087 sancta
865 2029 951 2087 orat:
982 2024 1049 2085 Fiat
1069 2024 1211 2086 voluntas

291 2114 360 2187 tue,
394 2108 513 2169 scilicet
546 2109 703 2187 confessa,
738 2108 821 2190 quod
843 2129 904 2170 non
926 2108 1000 2169 facit
1020 2108 1209 2169 voluntatem

291 2190 358 2268 Dei,
382 2199 414 2251 et
435 2210 503 2253 sese
524 2194 728 2271 peccatricem
752 2212 830 2255 esse.

376 2275 472 2335 Porro
494 2282 610 2337 tantum
633 2275 734 2354 abest,
767 2283 800 2337 ut
832 2275 935 2335 omnia
954 2273 1095 2351 mortalia
1117 2274 1214 2353 possi·

292 2378 358 2419 mus
381 2376 492 2435 nosse,
529 2358 640 2420 nedum
668 2358 824 2437 confiteri,
848 2364 880 2418 ut
902 2358 993 2418 etiam
1015 2357 1098 2418 bona
1118 2374 1212 2435 opera

293 2448 410 2518 nostra,
432 2443 458 2501 si
479 2442 562 2502 Deus
585 2461 639 2523 per
660 2445 794 2525 rigorem
815 2439 939 2519 iudicet,
961 2447 992 2501 et
1014 2459 1077 2501 uon
1099 2440 1213 2499 miseri-

291 2524 397 2585 cordia
418 2526 599 2605 ignoscente
620 2526 771 2607 ignoscat,
794 2527 854 2586 sint
874 2523 1062 2585 damnabilia
1083 2527 1113 2582 et
1132 2539 1214 2583 mor·
1331 2524 1337 2541 ⁸

292 2608 373 2673 talia.
417 2607 491 2669 Ideo
509 2609 535 2668 si
548 2610 651 2670 omnia
672 2590 822 2671 mortalia·
836 2615 907 2669 sunt
926 2606 1111 2685 confitenda,
1129 2605 1215 2668 brevi

292 2691 387 2753 verbo
413 2691 444 2751 id
464 2690 532 2769 liet,
565 2693 589 2751 si
612 2692 709 2753 semel
731 2692 914 2753 dixerimus:
942 2691 990 2751 En
1011 2698 1108 2751 totum
1130 2689 1213 2767 quod

293 2794 374 2851 aum,
403 2776 492 2851 vivo,
515 2794 591 2854 ago,
620 2775 748 2855 loquor,
780 2774 843 2837 tale
866 2783 927 2847 est,
960 2782 994 2835 ut
1016 2772 1145 2835 mortale
1175 2774 1214 2833 sit

294 2866 322 2919 et
350 2856 546 2935 damnabile,
579 2859 665 2919 iuxta
691 2858 767 2921 illud
795 2858 875 2921 Psal.
906 2857 964 2921 142
979 2857 1029 2931 2);
1066 2856 1136 2917 Non
1169 2858 1213 2916 in-

295 2948 353 3001 tres
379 2942 411 3001 in
437 2940 582 3001 iudicium
603 2960 670 3001 cum
690 2962 779 3003 servo
804 2948 868 3018 tuo,
896 2942 967 3018 quia
988 2959 1051 3000 non
1072 2938 1214 2999 iustifica

295 3022 373 3085 bitur
383 3026 415 3085 in
428 3030 597 3103 conspectu
613 3031 664 3087 tuo
680 3026 779 3086 omnis
802 3024 928 3101 vivens,
950 3029 982 3083 st
1003 3022 1043 3081 ad
1063 3021 1153 3084 Rom,
1175 3026 1212 3085 7:

295 3106 361 3189 Ego
384 3113 487 3169 autem
509 3106 639 3167 carnalis
662 3127 745 3187 sum,
768 3106 961 3167 venundatus
973 3105 1030 3167 sub
1042 3109 1213 3184 peccatum,
1322 3173 1325 3180 ¹

298 3209 357 3251 non
368 3191 493 3253 invenio
516 3192 548 3251 in
563 3210 655 3253 carne
667 3211 737 3253 mea
750 3191 877 3269 bonum,
901 3188 983 3269 quod
999 3188 1074 3249 nolo
1088 3187 1212 3266 malum,

300 3272 358 3334 hoc
378 3274 460 3335 facio
483 3280 540 3335 etc.

376 3356 458 3432 Quin
485 3357 547 3418 hoc
577 3365 625 3419 est
659 3356 832 3419 mortalium
856 3355 1119 3432 mortalissimum,
1150 3372 1213 3415 non

298 3440 419 3503 credere
441 3460 475 3500 se
497 3458 566 3501 ease
598 3440 764 3501 damnabili
793 3447 825 3501 et
852 3439 973 3501 mortali
1010 3446 1141 3519 peccato
1161 3436 1214 3499 ob·

299 3526 422 3593 noxium
450 3542 554 3585 coram
575 3524 653 3587 Deo.
695 3524 745 3584 Ad
767 3543 858 3603 quam
881 3524 1034 3584 insaniam
1057 3523 1107 3581 isti
1129 3520 1213 3581 theo-

300 3606 358 3687 logi
388 3608 448 3668 hac
474 3607 581 3687 regulo
603 3626 659 3667 sua
680 3608 817 3667 nituntur
844 3606 917 3667 data
938 3612 1086 3685 opereat
1115 3603 1215 3685 perdi·

300 3690 412 3751 tissime
434 3690 554 3751 trahere
574 3690 730 3753 huminum
754 3690 976 3766 conscientias,
999 3688 1071 3750 dum
1084 3686 1216 3765 docent,

301 3773 417 3833 veniale
455 3792 524 3834 esse
555 3773 698 3834 distincta
733 3792 752 3832 a
779 3771 976 3850 mortalibus,
1007 3791 1064 3831 suo
1098 3770 1216 3849 scilicet

370 3952 396 4013 tl
415 3949 448 4003 ln
466 3950 508 4004 ed.
526 3948 603 4006 den:
624 3950 695 4005 Psal.
715 3948 757 4004 19.
794 3947 828 4017 2)
850 3947 918 4002 lbid.
939 3946 998 4002 143.

374 4024 401 4085 ⁶)
420 4021 500 4075 Psal.
518 4024 562 4078 51.

328 4109 415 4149 Lntheri
429 4120 480 4159 opp.
497 4112 523 4152 V,
540 4112 567 4153 Α.
583 4112 610 4151 ad
624 4111 665 4154 rat.
678 4110 728 4150 bist
743 4112 758 4149 l.
772 4120 794 4161 p.
807 4108 857 4151 Vol.
872 4108 909 4149 tv.
1004 4104 1044 4167 11
