3159 4792
660 515 694 571 D.
713 517 747 571 lt.
766 517 885 572 botheri.
1159 512 1219 579 171

299 704 512 767 confitentium
541 712 572 766 et
603 706 825 785 poeniteutiam
854 707 985 765 miserae
1012 706 1221 767 eonscientiae

299 789 544 851 Christianorum
566 788 728 851 mortiferis
743 788 1011 850 constitutionibus
1033 796 1066 849 et
1086 786 1221 850 moribus

299 871 439 953 quotidie
454 872 658 953 exagitantur,
672 892 728 953 per
737 872 860 953 ineptos
871 872 1085 947 homunculos,
1098 870 1221 951 quialli·

298 976 373 1037 gare
386 962 505 1016 tanturn
520 960 673 1016 noverunt
686 974 780 1017 onera
793 957 900 1037 gravia
922 962 953 1016 et
973 954 1180 1035 importabilia
1192 961 1224 1015 et

298 1041 461 1119 imponere
467 1018 600 1099 bumaria
608 1038 775 1117 bominum,
787 1058 865 1119 quae
877 1041 1002 1121 ipsiuec
1011 1038 1107 1119 digito
1116 1037 1223 1099 volunt

298 1121 447 1183 movere?
459 1122 499 1183 m
510 1122 623 1184 sactum
638 1129 685 1183 est
698 1122 760 1184 hoc
771 1121 1002 1184 saluberrimum
1012 1123 1222 1203 poenitentiae

298 1211 525 1265 sacramentum
548 1204 631 1267 aliud
657 1206 732 1266 uibil
754 1224 846 1285 quam
867 1206 957 1267 'mera
978 1207 1116 1286 tyrannis
1138 1225 1221 1286 mag·

297 1294 419 1367 uatum,
453 1287 566 1348 deinde
592 1289 716 1350 morbus
738 1296 768 1350 et
789 1295 986 1371 augmentum
1012 1294 1221 1369 peccatorum,

298 1370 413 1432 utalia
435 1368 602 1451 significet,
635 1378 667 1432 et
687 1372 748 1433 alia
774 1380 918 1454 operetur
939 1373 1060 1439 miseria
1078 1378 1221 1452 peccato

296 1453 396 1534 ribus,
428 1455 473 1515 sic
502 1454 739 1517 ministrantibus
760 1458 862 1536 impiis
893 1463 925 1517 et
944 1455 1077 1518 indoctis
1098 1456 1129 1514 iu
1151 1455 1221 1535 lege

299 1537 427 1599 Domini
449 1536 626 1599 sacrificulis
642 1538 804 1600 ecclesiam
817 1540 884 1618 Dei,
907 1559 999 1619 quam
1015 1540 1079 1599 suis
1101 1538 1221 1618 legibus

299 1627 329 1681 et
350 1621 479 1682 somniis
500 1620 752 1701 repleverunt*).

370 1876 402 1939 ⁸)
424 1875 454 1927 ln
473 1874 517 1929 ed.
537 1876 606 1944 orig.
625 1875 671 1927 hic
689 1876 783 1929 addita
801 1877 903 1945 legitur
919 1876 989 1929 haec
1007 1876 1110 1929 oratio:
1212 1872 1217 1879 “

550 1944 645 1999 Oratio
663 1948 789 2001 ltauasse
808 1950 882 2016 regis
898 1946 969 2001 Juda

566 2018 640 2088 apud
660 2020 834 2087 Babylonem
852 2022 931 2088 capti.
1263 2074 1268 2088 ,

371 2088 488 2141 Domine
508 2088 578 2143 Deus
606 2094 782 2161 omnipotens
802 2097 910 2160 patrum
930 2094 1106 2156 nostrorum,
1130 2088 1219 2154 Abra·

301 2159 378 2227 ham,
399 2160 477 2213 lsaac
496 2164 523 2214 ct
540 2161 643 2229 Jacob,
669 2168 696 2217 et
720 2165 819 2217 semini
840 2177 935 2215 eorum
954 2164 1043 2229 iusto,
1067 2163 1113 2230 qui
1133 2164 1220 2215 iecisti

303 2230 413 2283 coelum
434 2238 461 2284 et
478 2236 580 2287 terram
601 2250 662 2287 cum
682 2237 757 2289 omui
777 2240 875 2288 ornatu
896 2249 1007 2297 eorum,
1037 2235 1083 2301 qui
1102 2234 1219 2302 signasti

300 2318 379 2355 mare
402 2304 489 2356 verbo
523 2307 664 2374 praecepti
682 2308 740 2371 tui,
772 2308 818 2375 qui
847 2306 1006 2360 conclusisti
1031 2306 1162 2371 abyssum
1193 2310 1221 2357 et

299 2376 419 2443 signasti
437 2376 553 2430 terribili
571 2393 603 2431 ac
616 2377 749 2432 laudabili
768 2379 874 2431 nomini
892 2382 951 2443 tuo,
969 2376 1045 2445 quod
1062 2390 1160 2429 omues
1175 2392 1220 2444 ps-

300 2451 366 2499 veut
391 2451 419 2499 et
436 2452 559 2501 tremunt
576 2464 593 2501 a
612 2450 688 2502 vultu
714 2452 824 2515 virtutis
842 2454 920 2515 tuae,
948 2453 977 2502 et
1001 2448 1221 2501 insustentabilis

300 2520 344 2571 ira
362 2533 447 2587 snper
465 2526 625 2588 peccatores
645 2523 867 2575 comminationis
895 2527 971 2588 tuae,
998 2522 1136 2574 immensa
1154 2534 1220 2571 vero

300 2594 329 2642 et
346 2591 546 2660 investigabilis
566 2593 754 2646 misericordia
775 2594 969 2663 promissionis
989 2597 1069 2658 tuae,
1089 2593 1220 2660 quonism

301 2666 329 2713 tu
349 2676 379 2714 es
399 2660 529 2716 domiuus
548 2664 912 2735 altissimussupcromncm
931 2671 1032 2718 terram
1051 2663 1219 2733 longanimis

299 2739 327 2785 et
362 2733 480 2786 multum
516 2737 674 2803 miseriem,
714 2742 742 2790 et
774 2740 919 2805 poenitens
963 2752 1047 2804 super
1084 2735 1218 2787 malitiam

301 2804 456 2857 homiuum.
505 2806 547 2858 Tu
576 2810 685 2873 autem,
715 2808 848 2877 Domine,
887 2808 1037 2861 secuudum
1065 2808 1218 2860 bonitatem

300 2881 377 2928 tuam
427 2880 579 2943 promisisti
616 2882 814 2948 poeniteutiam
867 2880 1038 2933 remissionis
1092 2884 1219 2947 peccato·

298 2962 372 3002 rum.
410 2948 446 3001 Et
475 2953 506 3001 tu
526 2949 601 3003 Deus
625 2953 762 3005 iustorum
799 2966 856 3004 nou
879 2952 997 3019 posuisti
1020 2951 1219 3017 poenitentiam

297 3020 397 3087 iustis,
416 3020 574 3087 Abrabam,
594 3022 672 3077 Isaac
688 3029 716 3077 ct
733 3022 832 3089 Jacob,
856 3023 898 3075 bis
918 3024 964 3090 qui
983 3021 1033 3074 tibi
1050 3035 1109 3071 nou
1126 3035 1220 3088 pecca·

300 3098 417 3155 verunt,
448 3094 579 3161 quoniam
608 3098 719 3163 peccavi
739 3110 822 3163 super
841 3110 986 3147 numerum
1006 3106 1106 3143 arenae
1124 3092 1219 3156 maris,

298 3162 500 3231 multiplicatae
515 3170 579 3218 sunt
597 3161 753 3235 iniquitates
765 3183 853 3232 meae,
872 3168 1031 3218 incurvatus
1051 3179 1113 3216 sum
1133 3162 1220 3214 multo

298 3234 411 3289 vinculo
429 3233 510 3301 terri,
538 3244 565 3289 et
585 3253 640 3290 nou
660 3244 702 3291 est
716 3240 861 3307 respiratio
880 3238 961 3302 mibi,
991 3236 1055 3304 quia
1073 3236 1220 3287 exercitavi

297 3306 471 3358 iracundiam
491 3312 582 3375 tuam,
606 3314 633 3362 et
651 3309 753 3361 malum
781 3319 875 3362 coram
893 3316 921 3363 t'e
939 3309 1005 3378 ieci,
1032 3311 1155 3360 statuens
1175 3304 1220 3359 ab·

298 3379 486 3431 ominatiouss
518 3385 545 3432 st
571 3381 756 3449 multiplicans
785 3384 965 3446 offensiones,
995 3384 1023 3432 et
1050 3396 1123 3432 nunc
1139 3378 1220 3431 ilecto

297 3465 391 3519 genua
409 3449 501 3503 cordis
520 3453 583 3515 mei,
604 3468 719 3520 precaris
738 3453 773 3506 ad
794 3460 820 3507 te
838 3455 1000 3521 bonitatem,
1019 3451 1139 3519 domine,
1158 3465 1221 3517 psc-

297 3522 371 3586 oavi,
393 3521 515 3586 domine,
533 3526 681 3590 peccaviet
698 3526 869 3594 iniquitatem
889 3540 980 3578 meam
998 3538 1139 3592 agnosco,
1158 3524 1222 3589 peto

295 3608 401 3662 rogans
422 3600 464 3658 te,
483 3592 615 3663 domiue,
633 3599 742 3649 remitte
763 3598 847 3661 mihi,
864 3600 972 3650 remitte
993 3593 1068 3661 mibi,
1085 3610 1119 3647 ue
1138 3591 1220 3644 simul

296 3662 400 3733 perdas
419 3680 465 3719 me
485 3682 547 3719 cum
565 3666 755 3735 iniquitatibus
776 3671 844 3721 meis
862 3684 952 3737 usque
972 3668 1001 3719 in
1020 3670 1161 3719 aeternum
1181 3680 1220 3716 rc·

297 3752 394 3790 serves
415 3736 490 3789 malo
508 3738 591 3807 mibi,
622 3742 683 3808 quis
701 3738 845 3810 indiguum
865 3740 986 3792 salvabis
1005 3754 1049 3790 me
1068 3735 1219 3790 secundum

296 3824 427 3878 maguam
449 3810 668 3865 misericordiam
688 3817 784 3879 tuam,
804 3816 831 3863 et
851 3811 971 3864 laudabo
991 3814 1018 3862 te
1036 3824 1145 3876 semper
1163 3822 1221 3861 om·

297 3880 381 3933 uibus
399 3880 496 3934 diebus
516 3882 588 3936 vitae
608 3896 696 3951 meae,
716 3886 848 3952 quoniam
868 3889 895 3937 te
913 3882 1008 3936 laudat
1026 3882 1116 3934 omnis
1136 3881 1220 3932 virtus

297 3950 454 4020 coelorum,
473 3958 501 4007 ct
518 3954 569 4007 tibi
587 3958 629 4008 est
647 3953 738 4023 gloria
755 3957 783 4007 iu
803 3955 897 4009 secula
914 3953 1082 4008 seculorum.
1119 3955 1215 4007 Amen.

653 4074 861 4094 --··--·-ϊ-·
