3159 4792
393 539 400 547 ⁸
468 526 505 580 ad
523 525 787 581 Condemnaticncm
806 523 997 580 doctnnalem·
1162 509 1224 587 204

302 717 349 778 vel
376 714 564 776 mittentium
587 729 652 774 eos.
694 711 828 773 Proinde
855 729 985 772 necesse
1005 715 1053 770 est
1072 707 1224 771 haeresim

302 798 456 862 hocloco
480 797 632 878 Magistris
653 796 766 856 nostris
795 794 983 876 significare,
1018 792 1049 854 id
1072 792 1155 872 quod
1178 801 1225 853 est

303 882 471 962 disputare,
494 879 534 940 de
554 898 588 940 re
608 879 739 959 primunr
760 879 975 956 incertissima,
997 875 1108 938 deinde
1126 874 1225 936 inutili

304 971 332 1026 ct
354 965 417 1026 n‘ou
441 963 633 1025 necessaria:
675 967 803 1022 wenna
815 961 1012 1038 catholicum,
1033 960 1152 1021 etiamsi
1172 957 1225 1019 du·

302 1047 391 1122 bites,
414 1066 454 1107 an
476 1045 555 1107 fldes
577 1047 608 1105 in
629 1062 694 1105 rem
717 1045 901 1105 sacramenti
923 1045 962 1105 sit
984 1041 1169 1119 necessarie,
1194 1047 1226 1102 et

303 1131 495 1212 poenitentia
529 1129 658 1208 incipiat
690 1126 728 1188 ab
764 1143 871 1189 amore
899 1127 966 1188 Dei.
1009 1126 1075 1188 Nec
1106 1127 1225 1204 minim,

306 1215 388 1294 quia,
411 1214 437 1273 si
457 1210 675 1293 philosophiae
688 1210 903 1288 detraxissent,
925 1212 1003 1271 sicut
1024 1227 1094 1290 ego,
1115 1224 1225 1272 aunon

178 1278 179 1339 Ῑ
241 1331 247 1346 ·
304 1297 406 1378 potius
428 1295 557 1357 Christo·
573 1301 760 1375 aequassent
785 1300 833 1368 et,
859 1297 1006 1374 quantum
1036 1301 1084 1354 est
1105 1293 1140 1359 in¹
1159 1309 1226 1371 usu,

306 1379 535 1462 praetulissent,
557 1378 713 1458 quomodo
726 1386 787 1438 tarn
810 1376 952 1438 subtilem
976 1383 1130 1437 etnoram
1152 1375 1226 1438 hee·

305 1464 382 1525 resis
406 1460 664 1542 significationem
685 1463 861 1541 potuissent
882 1459 1044 1520 iuvenire?
1064 1457 1140 1534 Quis
1162 1477 1225 1519 uon

305 1546 414 1608 merito
437 1545 518 1605 hanc
540 1544 770 1625 philosophiam
791 1545 954 1624 suspiciat,
984 1561 1075 1622 quarn
1098 1541 1150 1602 uhi
1171 1560 1227 1622 per

305 1629 536 1711 grammaticam
549 1624 703 1704 didiceris,
725 1627 965 1707 etgramuratice
979 1626 1064 1706 loqui
1082 1624 1226 1703 volueris,

306 1730 388 1773 nova
419 1711 474 1775 tibi
510 1717 542 1772 et
579 1710 720 1772 omnihus
742 1713 851 1791 ignota
883 1708 1029 1790 fingenda
1059 1714 1106 1769 est
1127 1725 1225 1789 graui-

307 1795 429 1857 natica.

387 1878 486 1939 Aiunt
505 1882 625 1955 autem,
649 1876 787 1938 conciliis
809 1875 1015 1956 indulgentias
1037 1892 1108 1936 esse
1128 1872 1227 1934 llrma-

306 1968 363 2039 tas,
387 1960 504 2043 egregii
514 1950 642 2021 ‘domini
657 1959 870 2039 Colonicuees,
881 1958 953 2020 ideo
970 1978 1019 2020 me
1036 1963 1143 2019 contra
1155 1973 1226 2018 oon-

307 2045 378 2106 cilia
397 2045 533 2105 locutum
541 2043 727 2106 haereticum
740 2060 820 2122 esse,
835 2043 953 2103 scilicet
971 2061 1011 2104 ex
1030 2045 1056 2106 1.
1075 2041 1227 2104 Posterio-

306 2147 372 2190 rum
382 2130 428 2188 sic
435 2127 609 2209 loquuntur,
620 2125 682 2203 uhi,
693 2131 727 2188 ut
736 2144 793 2207 pro
804 2126 963 2188 rhetoricis
975 2123 1228 2187 discuntsuadia·

300 2212 430 2289 'lectica
448 2212 495 2271 ite
508 2211 730 2291 quaestionem,
743 2209 775 2272 Bi
793 2215 855 2288 est,
867 2217 898 2271 et
909 2210 1132 2288 quaestionem,
1148 2205 1228 2282 Quid

309 2303 367 2372 est,
389 2312 445 2375 pro
468 2293 715 2355 eademhabeut.
756 2293 825 2374 Ego
849 2292 942 2370 enim,
963 2310 1001 2352 an
1017 2290 1228 2371 indulgentiae

307 2383 428 2455 esseut,
454 2377 611 2456 quomodo
634 2378 720 2457 potui
742 2375 881 2437 dubitare
895 2382 955 2456 ,aut
975 2391 1105 2455 negare,
1140 2373 1227 2433 utin

306 2460 369 2524 hoc
394 2465 504 2521 contra
524 2459 656 2520 concilia
677 2478 828 2541 saperem,
852 2457 904 2539 qui
926 2463 973 2520 tot
994 2455 1101 2538 scripsi
1124 2455 1163 2516 de
1183 2457 1227 2517 in·

306 2542 499 2625 dul'gentiis?
534 2545 597 2604 Aut
623 2544 691 2622 quis
720 2550 767 2604 est
788 2543 870 2604 orbis
894 2541 1042 2623 angulus,
1080 2541 1132 2620 qui
1164 2555 1227 2600 uon

307 2632 454 2707 queratur
479 2645 514 2687 se
542 2625 704 2706 deceptum
724 2623 944 2708 indulgentiis?
980 2629 1097 2686 tannim
1131 2622 1228 2703 abest,

310 2717 344 2771 ut
366 2728 436 2772 esse
448 2708 655 2790 indulgentias
676 2707 756 2770 ullus
772 2709 931 2770 hominum
954 2715 1007 2770 aut
1022 2708 1154 2786 nesciat,
1177 2713 1230 2768 aut
1284 2708 1287 2714 '

309 2792 671 2936 uegeflorpulplpeminulsl,
691 2792 818 2935 utthinc
838 2793 1012 2937 lpaeretiops
1034 2790 1100 2934 flpri
1121 2790 1229 2935 potssimt.

307 2959 382 3041 quid
405 2896 512 3020 esse:t
533 2896 585 3019 mrlp
605 2895 729 3020 2123
737 2893 971 3040 paupgehnpcep
989 2895 1052 3017 Ἠῗο
1072 2890 1229 3018 ἓζῧὲὺιὲηέ

306 3043 452 3124 Magistri
473 3043 570 3104 nostri
593 3043 697 3102 eximii
723 3041 940 3124 philosophiae
963 3039 1070 3102 oculos
1099 3039 1229 3121 aperire,

307 3133 338 3188 et
379 3143 442 3187 uon
487 3132 549 3186 tam
588 3124 715 3186 ridicule
754 3132 785 3186 st
827 3124 984 3206 pueriliter
1023 3123 1154 3200 ineptire
1196 3123 1227 3182 in

307 3209 507 3290 quaestione:
556 3207 588 3270 Si
622 3216 685 3290 est,
726 3228 783 3290 pro
821 3207 1016 3288 quaestione:
1060 3204 1140 3280 Quid
1172 3209 1228 3266 est.

306 3292 388 3354 Nihil
416 3297 518 3353 autem
556 3309 683 3371 usquam
716 3292 880 3373 reperitur,
921 3290 1001 3372 quid*
1032 3290 1092 3350 sint
1131 3288 1229 3350 indul-

306 3377 449 3458 gentiae,
494 3392 555 3435 neo
591 3377 638 3435 in·
664 3374 820 3452 conciliis,
856 3394 915 3436 nec
947 3374 1130 3456 synagogis,
1159 3379 1229 3433 'nec

310 3457 539 3536 conciliabulis,
561 3459 620 3518 nisi
642 3458 777 3539 quodie
800 3460 860 3520 istu
883 3459 1060 3520 centenario
1079 3473 1229 3518 annorum

308 3548 440 3624 coeptae
462 3547 534 3602 sunt
552 3542 584 3602 iu
607 3544 834 3624 purgatorium,
864 3543 946 3602 etin
969 3541 1106 3618 coelum,
1135 3546 1165 3600 et
1185 3539 1229 3598 in·

307 3625 427 3688 fernum
449 3624 591 3704 extendi,
613 3644 670 3705 per
689 3624 883 3704 impudentes
906 3625 1093 3694 nebulones,
1116 3629 1147 3683 et
1167 3621 1229 3684 ani·

309 3727 426 3770 marum
440 3707 641 3770 seductores.
682 3707 766 3769 luter
795 3726 873 3788 quos
902 3714 1005 3770 tamen
1029 3705 1112 3768 zelus
1134 3705 1228 3786 Magi·

308 3798 440 3854 atrorum
462 3796 636 3852 nostrorum
659 3789 774 3851 nullum
797 3793 914 3853 invenit
925 3792 1122 3869 haereticum,
1145 3808 1229 3851 scau·

308 3874 467 3956 dolosum,
490 3891 647 3953 erronem,
664 3875 799 3936 etiamsi
822 3879 919 3936 totum
944 3873 1089 3936 muudum
1111 3872 1250 3935 falleret·

309 3965 340 4020 et
359 3958 544 4038 exhauriret,
567 3974 669 4019 errore
690 3958 961 4040 perniciosissimo.
1003 3957 1138 4019 Mevero
1161 3973 1230 4020 esse

309 4048 433 4124 oportet
453 4041 652 4124 haereticum,
674 4041 794 4104 etiamsi
808 4058 897 4104 error
911 4043 944 4104 in
966 4039 1165 4123 indulgentiis
1188 4040 1226 4101 sit
