3159 4792
448 492 483 547 de
500 494 549 547 illo
569 493 668 549 Christi
687 494 776 550 dietn:
799 493 882 560 Vade,
904 493 992 548 vende
1015 500 1067 551 ete.
1160 492 1223 561 445

370 682 419 746 23
442 680 493 743 Sie
515 687 644 759 eontra,
677 684 730 762 qui
762 683 794 743 in
833 701 927 743 eausa
947 682 1007 746 Dei
1028 700 1091 747 nen
1113 682 1223 744 dixerit

308 746 367 827 ad
371 784 420 841 se,
453 784 542 843 sues,
576 785 647 827 sua:
670 766 784 827 Neseio
807 785 879 845 ves,
914 784 978 830 non
1000 766 1100 829 selum
1122 767 1223 848 legem

307 850 425 929 primae
447 847 580 928 tabulae,
602 848 657 909 sed
679 868 738 910 nee
757 849 914 911 seeundae
934 856 1046 918 servat.

370 930 919 1028 29.Qu1)eonuaneuminiuste
934 929 1070 1029 tenetl),
1093 940 1225 994 venante

308 1015 412 1077 tabule
434 1016 541 1111 prima,
563 1016 646 1095 quod
669 1018 773 1080 aDee
795 1015 899 1097 habet,
921 1024 953 1077 et
972 1018 1052 1080 inste
1074 1016 1224 1097 possidet,

307 1099 516 1180 praecipiente
538 1098 643 1159 tabula
665 1099 813 1163 secunda.

372 1185 418 1247 30
443 1181 540 1243 Extra
561 1200 683 1243 eausam
714 1183 918 1244 confessionis
958 1182 1147 1251 Christianus
1178 1191 1226 1245 est

309 1266 384 1325 eivis
406 1264 494 1325 huius
517 1266 631 1340 mundi,
653 1266 769 1328 debens
787 1267 890 1327 ferere
906 1274 939 1330 et
949 1267 1038 1345 ferre,
1060 1274 1227 1347 quaesunt

309 1368 384 1409 snae
406 1349 547 1427 eivitatis,
569 1349 693 1423 iuxte³l
718 1349 852 1411 tabulam
875 1350 1051 1413 secundnm.

371 1434 421 1498 31.
443 1431 475 1493 ei
491 1451 579 1493 nune
600 1434 678 1495 latro
707 1441 759 1493 aut
780 1433 827 1493 fur
849 1432 903 1496 tibi
925 1434 986 1493 vim
1015 1433 1142 1511 inferre,
1176 1429 1225 1494 vel

309 1515 403 1581 iurari
425 1515 526 1594 volet,
560 1534 599 1577 eo
627 1516 710 1595 qued
734 1524 766 1577 ιιι
789 1516 993 1613 christinam.
1011 1534 1061 1595 es,
1082 1516 1134 1577 hie
1153 1518 1226 1580 resi·

310 1598 451 1659 stendum
473 1607 521 1659 est
549 1599 654 1678 male,
691 1600 728 1664 si
749 1600 796 1659 vis
834 1601 901 1679 pius
925 1600 1000 1660 eivis
1033 1618 1103 1661 esse
1137 1598 1226 1664 huius

310 1681 424 1747 ιιιιιιιιιι
894 1721 898 1734 ·

373 1768 423 1830 32.
446 1763 525 1840 Quia
558 1766 637 1828 sient
659 1765 886 1861 magistratus
876 1786 946 1845 rpse
976 1730 1109 1844 resistit,
1141 1767 1226 1835 equus

311 1847 479 1909 membrum
504 1868 547 1926 es,
569 1849 613 1908 ita
632 1850 782 1929 praeeipit
804 1850 858 1911 tibi
879 1850 1032 1927 resistere,
1054 1851 1174 1909 virtute
1181 1868 1226 1918 se·

310 1931 432 1995 eundae
454 1931 587 2010 tabulae,
610 1932 658 2011 eui
682 1934 794 1993 teneris
818 1932 953 1993 obedire.

372 2019 422 2081 33
443 2015 533 2076 lta
510 2035 534 2073 si
558 2015 666 2075 latre
658 2036 689 2075 m
711 2016 821 2077 itinere
839 2015 1022 2078 teoeeidere
1037 2015 1123 2086 velet
1132 2033 1227 2105 prep-

310 2108 357 2161 ter
380 2098 546 2243 Οιιιιιιῗιιιιι,
577 2096 673 2160 debes
696 2106 726 2159 te
748 2097 924 2177 defendere,
946 2099 1067 2171 etiamsi
1087 2077 1228 2169 eeeiden·

310 2183 367 2245 dus
389 2182 459 2242 siti
484 2200 501 2241 e

370 2266 418 2332 34.
441 2262 521 2339 Quia
542 2264 602 2325 seis
626 2266 835 2346 magistratum
856 2266 1070 2345 praecepisse,
1102 2265 1226 2330 latroni·

311 2350 367 2410 bus
402 2346 605 2408 resistendum
645 2355 676 2408 et
710 2367 783 2408 suos
811 2350 894 2409 eives
916 2347 1127 2420 defendendos
1150 2368 1229 2428 esse,

310 2432 401 2494 hoe'
393 2451 461 2511 ipso
485 2429 593 2492 obedis
608 2437 670 2501 tam
685 2436 802 2528 primae
814 2450 906 2511 quam
922 2431 1077 2493 seeundae
1094 2431 1226 2509 tabulae.

374 2516 422 2579 35.
446 2513 512 2589 Nee
535 2514 711 2593 errandum,
736 2517 760 2575 si
779 2514 943 2594 Christum,
964 2515 996 2576 id
1009 2526 1069 2595 .,est
1092 2496 1226 2584 tabulam

310 2600 439 2681 primam
467 2597 664 2677 praetendat,
704 2618 772 2659 eum
810 2607 925 2660 eertum
953 2603 1012 2677 sit,
1051 2598 1133 2678 qued
1163 2619 1228 2673 nen

310 2688 436 2765 prepter
448 2680 611 2760 Christum,
633 2682 687 2743 sed
707 2689 834 2763 propter
847 2703 911 2745 rem
934 2691 1016 2744 tuam
1034 2690 1065 2753 te
1087 2682 1229 2759 nesidere

333 2771 448 2827 uaerat.

311 2785 330 2847 q
375 2851 424 2914 36.
447 2848 478 2909 Si
501 2867 573 2909 vero
587 2848 791 2929 magistratus,
814 2868 880 2909 srve
891 2849 1046 2928 profanus,
1068 2852 1134 2915 sive
1147 2833 1228 2911 male

311 2932 506 3011 ehristianus,
527 2938 557 2991 te
580 2932 771 3013 persequitur
793 2938 918 3011 propter
939 2930 1102 3011 Christum,
1124 2932 1229 3002 omnia

313 3022 386 3079 sunt
405 3014 619 3094 relinquenda,
640 3014 813 3113 vendenda,
835 3013 1002 3095 perdenda.

376 3104 425 3163 37.
445 3099 639 3179 Magistratus
662 3099 741 3159 enim
765 3118 826 3159 non
850 3104 897 3158 est
884 3098 996 3159 tlatre
1017 3103 1072 3157 aut
1088 3097 1229 3180 fur,ra

311 3184 399 3264 piens
422 3202 548 3263 eorpus,
581 3202 724 3260 uxorem,
760 3183 890 3259 liberos,
925 3189 957 3241 et
983 3201 1047 3277 rem
1069 3181 1229 3261 privatam,

313 3267 366 3328 sed
390 3275 497 3327 eontra
519 3266 599 3326 sures
630 3274 660 3326 et
690 3267 824 3327 latrones
856 3266 935 3326 haee
955 3266 1060 3326 emnia
1085 3263 1228 3327 defendit.

375 3351 424 3417 38.
448 3349 550 3425 Quare
573 3351 777 3430 magistratus,
800 3353 866 3411 sive
888 3349 1023 3430 profani,
1045 3349 1111 3411 sire
1132 3348 1229 3427 impii,

313 3456 376 3497 non
399 3439 469 3495 sunt
491 3440 598 3495 eontra
620 3454 696 3515 nos,
729 3436 783 3499 sed
806 3436 964 3497 nobiseum
999 3444 1031 3496 et
1051 3452 1107 3514 pre
1139 3429 1229 3491 nobis

315 3522 346 3580 in
369 3516 507 3578 seeunda
529 3516 641 3580 tabula

377 3604 426 3666 39.
449 3600 589 3680 Summa,
612 3586 828 3683 magistratus,
851 3602 1049 3699 qualisqualis
1071 3601 1119 3677 sit,
1139 3616 1230 3746 prae·

314 3688 388 3767 eupit
399 3704 524 3766 semper
545 3692 576 3757 et
597 3685 709 3766 ubique
730 3704 838 3765 paeem
852 3687 965 3747 servari
985 3686 1067 3745 inter
1082 3682 1137 3745 sub

252 3776 254 3783 ‘
313 3772 522 3849 euiuseunque
545 3770 606 3829 sint
626 3769 793 3851 religionis.

314 3894 732 3909 -ι-ι--ι-ιιι-ιι-ι-υ--ι-

1160 3682 1230 3758 itus,

387 3953 470 4023 1),1n
491 3952 639 4019 ed.0rig.:
670 3950 749 4015 Quia.
786 3946 818 4016 2)
842 3946 924 4000 ibid:
949 3947 1056 3998 retinet.
1091 3940 1124 4010 3)
1145 3939 1227 3993 ibid:

315 4024 475 4080 seeundum.
