3159 4792
347 486 391 561 dss
433 490 559 560 spineolo
576 480 608 550 b.
625 492 703 550 ltus
722 491 804 551 tou.
821 507 904 561 super
920 492 1067 561 expurget.
1084 488 1213 543 Eeoisns.

349 678 452 760 quod
487 686 547 743 est
581 698 656 743 nou
689 680 914 757 meritorio,
956 678 1028 739 sed
1057 679 1272 758 iniquitati

352 762 528 840 mortali,
549 762 635 825 dum
654 763 833 826 intendit
853 763 1015 825 oetioni.

432 846 540 909 Viotus
562 863 607 925 es,
627 851 659 908 et
680 847 814 925 epistole
835 866 905 909 mee
924 865 998 907 vero
1019 851 1075 909 est
1118 843 1152 905 Si
1173 862 1272 924 neges

349 935 402 994 out
424 928 597 994 oouoedere
622 929 763 1008 simules,
795 931 979 1011 Pelagianos
1001 948 1050 1002 es,
1081 928 1126 989 vir
1155 946 1208 1002 es,
1240 932 1274 987 st

347 1012 534 1077 Osrlstodius
546 1012 680 1093 puerilis,
693 1032 756 1075 non
769 1013 955 1091 dubitamus,
968 1012 1041 1092 qrriu
1059 1011 1102 1073 sis
1114 1011 1271 1073 heroioom

346 1103 431 1173 brem
443 1097 583 1159 virtutem
597 1101 785 1172 ostensurus,
808 1097 863 1161 sed
885 1098 973 1173 seito,
996 1114 1054 1157 nos
1065 1095 1127 1155 ism
1141 1112 1203 1157 nou
1217 1092 1272 1155 tibi

347 1180 426 1242 siout
438 1185 511 1241 onte
523 1178 702 1243 eredituros.
735 1180 952 1244 simulatorem
965 1176 1207 1255 observabimus,
1222 1178 1272 1237 oui

347 1269 419 1327 oute
440 1263 648 1325 sinceritatem
658 1266 785 1327 iootemi
804 1264 982 1344 simplieiter
998 1260 1193 1323 eredidimus,
1224 1260 1272 1321 'l'u

348 1352 450 1411 sutem
473 1345 553 1424 vide,
575 1352 609 1407 ut
630 1345 863 1423 calendarium,
884 1353 939 1409 out
958 1345 1198 1427 Motyrologiuru
1219 1350 1274 1407 eut

348 1428 532 1494 Cbronioom
566 1436 650 1492 oerte
681 1432 802 1492 iuterim
832 1430 996 1510 diligenter
1027 1428 1155 1503 lustres,
1190 1425 1273 1489 uude

348 1520 456 1577 ooutre
491 1532 549 1575 uos
580 1513 676 1575 multo
706 1516 833 1577 nomine
858 1515 889 1574 in
921 1530 1072 1593 papyrum
1093 1529 1273 1586 oouoerves,

348 1597 393 1657 sio
413 1604 517 1659 temen
540 1603 573 1656 ut
595 1596 778 1661 disleetiese
799 1616 863 1661 non
885 1595 1095 1667 oblivisoeris,
1118 1600 1149 1655 et
1168 1592 1272 1657 iudue-

349 1680 465 1743 tiousm
488 1678 629 1742 elsudom
656 1681 753 1756 (siout
772 1682 833 1743 ists
853 1680 927 1757 fuit)
952 1698 1014 1741 non
1036 1676 1157 1741 sileres.

432 1760 524 1837 Quod
557 1769 659 1824 sutem
692 1763 732 1825 de
764 1764 861 1827 literis
883 1762 1090 1824 Bohemorum
1123 1779 1163 1823 ex
1194 1758 1274 1821 ideis

350 1847 424 1922 tuis,
461 1865 518 1925 pro
554 1847 732 1907 sineeritote
764 1846 844 1909 fietis
880 1852 937 1909 out
967 1847 1076 1907 iterum
1111 1842 1274 1921 simuletis,

321 1948 324 1954 ·
350 1927 566 2006 erroribusque
587 1930 664 1990 meis
686 1930 717 1991 in
739 1930 905 1994 eoolosiuru
929 1926 1046 2003 soribis,
1069 1926 1185 2007 probo,
1207 1944 1273 1987 uon

350 2011 422 2090 quio
461 2029 567 2073 verum
600 2010 697 2089 dieis,
733 2011 789 2072 sed
823 2012 896 2091 quis
927 2016 1014 2073 tento
1047 2010 1122 2071 mihi
1154 2008 1275 2089 perdite

349 2092 505 2155 simulatio
528 2096 582 2155 lus
605 2101 654 2153 est
672 2094 764 2172 odio,
801 2102 836 2157 ut
863 2094 912 2155 vel
934 2094 996 2155 hoo
1017 2093 1155 2173 ploeeot,
1190 2090 1275 2172 quod

348 2182 455 2256 operte
494 2176 647 2250 mentiris,
688 2176 823 2255 tumeas,
869 2176 1013 2239 debebis.
1071 2174 1136 2237 ibit
1169 2182 1273 2241 sutem

349 2258 528 2339 propediem
559 2264 592 2321 ut
620 2266 786 2339 appareat,
827 2280 866 2325 uu
890 2267 922 2321 tu
945 2279 1012 2321 oum
1036 2260 1095 2321 tuis
1117 2278 1173 2340 per
1194 2258 1274 2338 priu-

350 2344 450 2423 oipem
474 2341 683 2421 tenebrarum,
718 2343 929 2420 Aristotelem,
964 2360 1056 2422 quem
1088 2348 1147 2403 neo
1173 2342 1275 2421 ipsum

350 2426 536 2505 iutelliy'tis,
557 2425 608 2485 vel
630 2445 690 2506 ego
711 2425 865 2489 eoolesiss
889 2425 1000 2489 Christi
1022 2426 1091 2505 plus
1106 2424 1276 2502 noouerim,

350 2515 383 2571 et
409 2508 451 2569 ud
479 2508 692 2589 syllogismum
726 2515 810 2569 tuum
833 2510 943 2589 quouis
975 2510 1115 2571 morione
1137 2507 1294 2589 dignum,-

351 2590 433 2671 quod
455 2590 585 2652 Bohsmi
607 2611 657 2654 me
684 2592 825 2668 laudent,
856 2612 913 2671 pro
937 2612 985 2653 me
1009 2596 1111 2668 orent,
1146 2610 1274 2670 respou-

349 2694 418 2737 sum
455 2673 509 2733 tibi
542 2692 666 2753 quoque
703 2681 752 2735 est
787 2676 820 2737 in
850 2674 1048 2757 Aegooorots
1078 2675 1274 2739 Emserisno.

352 2757 447 2833 Vale,
486 2763 517 2817 et
542 2758 692 2818 Dominus
725 2759 810 2819 lesus
843 2763 932 2819 senet
963 2759 1096 2819 animem
1130 2764 1215 2822 tuum
1241 2759 1273 2819 iu

352 2846 522 2914 oeternum,
541 2838 650 2905 Amen.

291 2952 296 2959 ·
476 2923 735 3005 Vuittembergse

657 3006 748 3070 enno
768 3008 810 3071 ll.
832 3008 869 3073 D.
890 3006 970 3075 XIX.
