3159 4792
351 510 414 579 188
596 514 753 585 Responsio
770 512 807 569 D.
825 512 861 571 bi.
879 514 990 570 Lntheri

351 699 633 778 pronunciaverunt
662 698 758 778 male,
800 705 833 759 ut
868 698 1010 761 desinant
1045 705 1170 779 putare,
1202 718 1273 758 suas

352 780 566 843 damnationes
588 782 682 843 fuisse
704 784 734 842 in
757 784 884 843 materia
904 782 1045 863 naturali,
1068 781 1273 861 quae‘potius

351 866 382 924 in
405 867 607 945 contingenti,
630 885 668 925 ae
689 866 877 945 frequentius
898 869 930 926 in
951 873 1071 927 remota
1087 866 1221 942 fuerunt,
1243 871 1275 926 ut

352 956 384 1007 et
409 966 467 1029 ego
490 948 604 1027 aliquid
627 968 732 1010 eorum
765 968 921 1029 usurpem.
969 945 1051 1031 Quin
1080 968 1149 1008 oum
1178 946 1274 1008 semel

352 1032 451 1092 malus
471 1051 593 1113 semper
613 1038 829 1112 praesumatur
849 1032 963 1107 malus,
985 1032 1071 1092 iuxta
1090 1033 1165 1091 iuris
1187 1050 1274 1110 regu·

353 1114 432 1193 lam,
459 1134 625 1195 nusquam,
650 1134 822 1195 nunquam,
837 1118 884 1185 ,in
913 1114 998 1176 nulla
1025 1135 1059 1175 re
1087 1110 1275 1175 credendum

353 1199 411 1258 erit
432 1198 584 1279 Magistris
607 1200 719 1259 nostris
742 1198 943 1277 quibuslibet,
978 1217 1107 1277 quorum
1128 1196 1276 1257 iudicium

354 1286 475 1342 constat
495 1282 557 1340 iam
579 1301 598 1340 a
620 1281 721 1342 multis
743 1282 832 1343 annis
853 1282 948 1342 fuisse
969 1301 1032 1341 non
1056 1278 1148 1341 modo
1169 1282 1276 1340 incon-

354 1371 439 1422 stans
463 1370 493 1422 et
521 1382 687 1445 praeceps,
719 1364 774 1425 sed
803 1372 835 1425 et
863 1363 1040 1442 erroneum,
1076 1365 1277 1441 haereticum,

353 1447 546 1507 temerarium
570 1456 601 1507 et
623 1466 759 1524 caecum,
782 1449 830 1507 cul
845 1467 938 1509 nemo
957 1447 1070 1509 debeat
1082 1446 1177 1507 fidere
1201 1451 1278 1524 tuto,

352 1530 411 1589 nisi
435 1548 524 1609 quem
547 1530 633 1591 Deus
651 1532 746 1591 iratus
768 1530 998 1612 operationibus
1020 1532 1131 1591 emeris
1152 1520 1284 1590 mandet'

354 1612 450 1675 illudi.
494 1612 528 1673 ln
550 1616 635 1693 cuius
658 1616 702 1674 rei
724 1612 816 1674 fldem
840 1613 984 1694 exempla
1006 1619 1076 1688 sunt
1092 1611 1277 1675 invocanda.

436 1696 549 1757 Nonne
571 1696 900 1774 VuilhelmusOooam,
923 1695 1182 1759 scholasticorum
1206 1694 1278 1757 doc·

355 1784 455 1839 torum
479 1781 546 1839 sine
573 1780 665 1841 dubio
688 1782 832 1861 princeps
860 1786 892 1841 et
919 1780 1204 1861 ingeniosissimus,
1233 1798 1278 1839 re·

355 1862 513 1942 probatus,
536 1862 713 1938 damnatus,
742 1864 1029 1927 excommunicatus
1058 1868 1147 1923 extra
1169 1880 1279 1923 omnes
1396 1901 1397 1924 1

351 1962 552 2025 synagogas,
574 1946 753 2025 praesertim
776 1946 961 2007 Parrhisien.
982 1946 1082 2006 factus
1103 1944 1280 2025 indignissi-

357 2046 423 2086 mus
447 2034 527 2103 erat,
560 2034 623 2088 tum
650 2028 830 2109 pontificum
863 2035 925 2089 tum
948 2028 1164 2109 theologorum
1187 2028 1279 2107 pluri-
1396 2101 1397 2104 Ἴ

355 2127 473 2170 morum
496 2109 620 2186 iudicio,
643 2112 882 2193 qui'legeretur?
904 2112 946 2173 At
964 2130 1044 2190 quae
1057 2111 1278 2189 inconstantia,

354 2178 388 2253 ui
410 2192 585 2254 damnatum
608 2194 702 2256 hodie
723 2198 826 2257 sinant
845 2195 1017 2274 Parrhisiis‚
1040 2196 1122 2254 etin
1146 2194 1280 2256 meliori-

354 2275 410 2337 bus
433 2276 548 2337 scholis
559 2277 709 2359 regnare?
731 2279 795 2339 Aut
816 2297 911 2358 quare
932 2277 1089 2338 huncnon
1102 2275 1282 2337 adiudicant

354 2361 417 2439 igni
448 2358 644 2421 damnatores
682 2360 890 2421 doctrinales?
927 2380 981 2421 cur
1013 2359 1118 2440 placet
1150 2359 1281 2437 falsitas,

356 2461 435 2520 quae
464 2442 536 2503 olim
559 2443 738 2525 displicuit?
766 2444 815 2505 An
838 2444 975 2524 Magistri
1005 2444 1104 2503 nostri
1125 2462 1194 2503 sese
1217 2462 1281 2504 non

355 2522 421 2583 lieri
444 2545 463 2585 a
484 2526 613 2605 veritate
646 2534 787 2603 aeterna,
820 2526 874 2587 sed
912 2526 1014 2588 facere
1041 2526 1201 2587 veritatem
1222 2545 1281 2605 pro

355 2615 495 2687 tempore
515 2608 595 2669 forte
620 2609 838 2689 praesumunt?
872 2611 951 2670 sicut
972 2609 1044 2670 olim
1066 2610 1199 2669 Romani
1222 2608 1280 2677 De-

356 2708 443 2750 orum
466 2690 666 2753 colendorum
690 2692 846 2754 arbitrium
869 2692 928 2753 sibi
952 2698 1182 2773 arrogaverunt.

419 2772 547 2848 Deinde,
561 2781 637 2854 quot
647 2775 792 2836 articulos
805 2774 913 2835 schola
923 2774 1141 2835 Parrhisiensis
1156 2774 1281 2834 damna-

356 2854 408 2930 vit,
431 2874 508 2935 quos
521 2856 623 2919 denuo
645 2860 803 2919 revocavit
824 2864 855 2918 et
867 2876 923 2937 pro
935 2858 1102 2919 verissimis
1122 2855 1283 2918 defendit?

357 2937 418 2998 Aut
431 2941 498 3017 quis
513 2942 620 3019 nescit,
642 2942 674 3000 in
685 2960 777 3020 quam
789 2940 924 3002 fabulam
938 2940 1068 3001 abierint
1082 2939 1203 3000 articuli
1211 2941 1282 3001 Par·

355 3020 540 3083 rhisienses?
555 3022 725 3085 dicentibus
735 3024 855 3105 Anglis,
869 3043 932 3083 non
944 3030 1103 3084 transeunt
1117 3040 1212 3098 mare,
1226 3026 1283 3083 lta·

355 3103 403 3182 lis,
418 3124 476 3165 nec
489 3114 620 3185 montes,
632 3106 805 3184 Germanis,
827 3125 885 3167 nec
894 3105 1045 3181 Rhenum,
1063 3107 1141 3166 sicut
1152 3106 1187 3170 Β.
1201 3106 1282 3167 Tho·

357 3206 426 3247 mae
437 3192 630 3250 autoritatem
643 3208 706 3251 non
720 3191 900 3269 exireseptu
913 3188 1283 3251 monastieaPraedicato-

356 3280 439 3348 rum,
461 3274 571 3332 necin
592 3272 750 3352 illisipsis
773 3272 847 3331 satis
869 3278 976 3333 tutam.
1018 3271 1093 3347 Quis
1116 3292 1190 3352 ergo
1213 3274 1283 3333 arti-

357 3351 443 3413 culos
465 3352 523 3415 hos
546 3354 751 3416 damnationis
763 3354 932 3415 Lovanien.
954 3362 986 3414 et
1005 3354 1172 3416 Colonien‘
1191 3356 1284 3416 toties

358 3442 430 3495 ante
457 3435 516 3496 hac
543 3439 707 3498 errantium
731 3456 793 3498 non
820 3434 920 3498 rideat
956 3437 1057 3498 nudos
1087 3438 1285 3518 inermesque
1396 3493 1397 3516 ,

358 3518 472 3579 audere
494 3520 585 3580 etiam
608 3520 710 3581 Albim
732 3521 871 3582 transire.

441 3602 584 3663 Iohannis
607 3604 671 3664 Pici
683 3602 886 3663 Mirandulani
905 3602 1033 3663 Comitis
1046 3600 1283 3682 Conclusiones,

359 3692 473 3763 quanto
499 3682 574 3767 (Dei
597 3685 705 3761 fidem)
732 3686 863 3747 tumultu
874 3685 1038 3747 damnatae
1060 3694 1140 3764 sunt,
1164 3692 1284 3747 tantum

357 3775 390 3826 ut
411 3768 548 3849 Magistri
577 3770 673 3831 nostri
690 3770 801 3830 'eximii
821 3776 924 3842 rectos
956 3788 1025 3828 esse
1058 3788 1131 3828 suos
1164 3788 1285 3829 errores
1396 3761 1397 3818 l

359 3856 537 3914 statuerent.
580 3852 664 3928 Quas
702 3861 807 3913 tamen
830 3852 897 3933 quis
926 3846 976 3911 est
995 3850 1090 3912 hodie
1111 3852 1194 3931 fere,
1233 3853 1286 3931 qui

358 3952 420 3993 non
444 3936 589 4013 miretur,
610 3938 670 3997 nisi
691 3936 771 4017 forte
793 3955 883 3996 senes
905 3934 1024 4015 aliquot
1044 3934 1218 4015 sophistae,
1251 3936 1283 3994 in

359 4016 472 4099 angulo
495 4018 619 4082 rabiosa
640 4018 762 4081 silentia
782 4018 944 4098 rodentes,
978 4018 1056 4097 quo's
1085 4023 1189 4079 tamen
1212 4035 1284 4099 cog-
