3159 4792
382 499 446 565 210
569 502 715 556 Tractatus
734 502 810 555 tntu.
829 501 864 555 de
884 503 931 558 lib.
952 501 1115 558 Christiana.

384 686 567 767 originalem
588 685 906 768 Vittembergensem,
939 703 1019 767 quae
1040 707 1068 750 a.
1093 689 1175 754 1520
1196 688 1312 770 prodiit

384 771 467 830 etin
496 768 621 830 officina
642 771 869 851 typographica
894 771 918 831 Ι.
942 770 1166 852 Grunenbergii
1195 791 1312 833 excusa

384 871 454 914 esse
475 853 610 931 videtur,
633 860 665 914 et
686 853 872 914 contulimus
901 873 970 915 oum
1007 874 1045 916 ea
1066 854 1233 918 editionem
1266 875 1311 916 re·

383 937 549 1016 cognitam,
572 955 652 1015 quae
674 955 702 998 a.
725 937 805 1001 1521
831 935 1073 1019 Witlembergae
1103 939 1217 999 emissa
1247 947 1310 1000 est:

383 1037 462 1097 quae
484 1020 564 1078 inter
584 1019 641 1079 has
664 1019 817 1082 editiones
839 1018 983 1082 differunt
1003 1020 1231 1084 adnotavimus.
1274 1038 1277 1042 ’
1405 1075 1406 1092 ,

465 1101 621 1182 Leguntur
642 1102 721 1163 haec
737 1104 852 1183 scripte
866 1103 962 1164 latine
983 1106 1014 1164 in
1038 1104 1108 1168 coll.
1124 1105 1205 1184 Opp.
1221 1105 1310 1166 Lutlr.

382 1182 433 1245 lat.
457 1185 526 1246 len.
541 1185 564 1261 l,
586 1205 615 1264 p.
630 1185 692 1250 460
710 1205 777 1265 sqq.
791 1186 937 1248 Vittemb.
955 1188 989 1265 ΙΙ,
1013 1191 1029 1250 1
1046 1207 1114 1267 sqq.
1129 1187 1219 1270 (ooli.
1230 1187 1311 1268 Epp.

381 1267 468 1329 Luth.
484 1266 533 1330 ed.
548 1268 643 1328 Aurif.
657 1269 680 1347 I,
691 1271 763 1333 255.
778 1269 817 1329 de
833 1269 937 1330 Wette
951 1270 966 1330 Ι
979 1291 1009 1351 p.
1021 1269 1113 1354 497),
1134 1273 1312 1351 germanice

380 1351 413 1410 in
436 1351 509 1411 coll.
531 1351 611 1431 Opp.
632 1350 721 1413 Luth.
743 1372 839 1432 germ.
854 1353 1008 1414 Wittcmb.
1032 1355 1161 1435 Vltus.
1184 1353 1311 1416 Altenb.

380 1433 404 1493 1.
431 1436 502 1498 353.
530 1434 613 1514 Lips.
642 1434 748 1513 XVIl,
782 1437 853 1500 299.
883 1437 1003 1498 Walch.
1033 1437 1105 1517 XV,
1134 1439 1195 1502 934
1220 1438 1311 1516 (coll.

259 1512 262 1516 ’
380 1516 460 1596 app.
481 1517 570 1578 Luth.
594 1516 642 1578 ed.
665 1517 705 1578 de
727 1517 860 1580 Wcttel
882 1540 912 1599 p.
937 1521 1028 1597 506).

381 1723 582 1850 Epistola
623 1733 672 1825 D.
701 1727 884 1825 Martini
921 1728 1105 1826 Luthsri
1141 1731 1196 1825 ad
1235 1731 1312 1826 Lo

490 1871 609 1938 onem
638 1845 690 1939 X.
721 1847 931 1939 Summum
959 1843 1211 1953 Pontificem
1405 1885 1406 1930 Ι

487 2041 492 2053 -
826 1999 860 2064 et

523 2114 696 2180 tractatus
718 2113 756 2180 de
778 2114 944 2180 libertate
966 2075 1162 2182 Christiana.

776 2326 899 2387 Jesus.

382 2431 479 2493 Leoni
500 2433 630 2493 Decimo
657 2430 799 2492 Pontifici
820 2431 961 2493 Romano
989 2431 1138 2493 Martinus
1159 2433 1311 2494 Lutherus

403 2516 545 2576 ‚salutem
574 2517 606 2575 in
629 2515 750 2575 Christo
772 2514 851 2574 lesu
872 2515 1000 2576 domino
1023 2523 1141 2577 nostro.
1166 2516 1279 2580 Amen.

469 2615 550 2692 inter
570 2621 709 2693 monstra
733 2632 822 2693 huius
846 2633 962 2713 seculi,
995 2653 1063 2693 cum
1098 2631 1207 2713 quibus
1238 2633 1313 2694 mihi

383 2715 444 2774 iam
468 2716 499 2774 in
524 2718 644 2776 tertium
667 2735 780 2776 annum
802 2735 852 2775 res
875 2721 907 2776 et
926 2716 1041 2777 bellum
1064 2723 1121 2796 est,
1140 2735 1238 2797 cogor
1259 2717 1312 2777 ali·
1405 2769 1406 2772 ,

382 2796 505 2877 quando
539 2804 570 2859 et
605 2799 644 2859 od
672 2806 704 2859 te
734 2799 889 2879 suspicere
918 2801 1022 2880 tuique
1044 2799 1215 2878 recordari,
1248 2800 1312 2861 Leo

380 2887 469 2961 pater
489 2881 682 2962 beatissime3
712 2883 774 2944 imo
797 2901 864 2942 cum
888 2887 921 2943 tu
944 2883 1028 2944 solus
1051 2883 1125 2943 mihi
1147 2882 1220 2943 belli
1244 2903 1312 2944 oau-
1405 2925 1406 2940 Ι

381 2984 417 3025 sa
436 2966 552 3045 passim
581 2965 744 3043 habearis,
780 2985 844 3026 non
866 2984 992 3046 possum
1025 2985 1159 3046 unquam
1182 2967 1226 3027 tui
1248 2986 1312 3028 non

285 3116 287 3119 v
382 3049 576 3128 meminisse,
609 3054 641 3109 et
662 3068 847 3128 quamquam
882 3050 983 3130 impiis
1013 3049 1223 3111 adulatoribus
1253 3050 1312 3111 tuis

380 3131 412 3189 in
440 3150 490 3192 me
525 3133 592 3191 sine
626 3151 719 3192 causa
747 3131 955 3194 saevientibus
995 3141 1120 3194 coactus
1153 3133 1265 3194 fuerim
1295 3153 1313 3193 a

382 3212 458 3275 sede
479 3221 532 3275 tua
555 3214 593 3274 ad
616 3215 748 3275 tirturum
771 3233 943 3294 provocare
965 3217 1140 3295 concilium,
1163 3215 1240 3276 nihil
1262 3236 1312 3278 ve·

381 3297 457 3356 ritus
480 3297 525 3357 Pii
546 3305 577 3356 et
596 3297 669 3357 Julii
692 3305 812 3358 tuorum
828 3297 1103 3378 praedecessorum
1126 3300 1312 3360 vanissimas

386 3380 639 3457 constitutiones,
674 3380 705 3440 id
727 3382 827 3460 ipsum
850 3382 942 3442 stulta
963 3382 1126 3462 tyrannide
1147 3382 1313 3462 prohiben-

382 3463 474 3540 tium,
498 3482 562 3525 nou
586 3470 688 3523 tamen
711 3482 846 3543 unquam
868 3465 987 3525 interim
1011 3467 1144 3526 animuin
1168 3484 1270 3526 meum
1295 3485 1315 3526 a

383 3551 437 3606 tua
459 3545 648 3607 beatitudine
670 3548 714 3607 sic
736 3547 878 3626 alienavi,
901 3556 1007 3608 utnon
1027 3551 1101 3609 totis
1121 3547 1235 3610 viribus
1257 3568 1313 3629 op·
1405 3585 1406 3620 i

385 3628 461 3690 tima
483 3649 624 3709 quaeque
651 3630 706 3690 tibi
728 3630 856 3710 sedique
890 3638 962 3692 tuae
985 3631 1116 3711 optarim
1140 3631 1312 3711 cademque
1405 3625 1406 3642 ¹

382 3711 497 3774 sedulis
520 3720 621 3793 atque,
646 3720 791 3791 quantum
815 3715 846 3774 in
868 3735 917 3775 me
934 3715 998 3794 suit,
1020 3715 1223 3796 gemebundis
1245 3735 1313 3796 pre·
1404 3781 1406 3810 4

381 3795 467 3855 cibus
499 3794 581 3876 apud
602 3797 703 3857 Deum
726 3799 918 3877 quaesierim.
960 3797 1056 3876 Atqui
1078 3816 1150 3878 eos,
1181 3799 1234 3877 qui
1262 3817 1314 3858 me
1405 3813 1406 3864 ἶ

381 3879 555 3939 autoritatis
578 3886 610 3940 et
630 3881 764 3940 nominis
788 3881 830 3940 tui
853 3883 1013 3942 maiestate
1025 3881 1174 3942 hactenus
1197 3887 1314 3942 terrere

380 3947 483 4021 ooirati
506 3969 586 4042 sunt,
607 3962 710 4045 pa'ene
732 3970 931 4026 contemnere
955 3981 992 4024 ac
1010 3964 1199 4044 triumphare
1211 3966 1312 4046 coepi.

293 4106 295 4111 ,
377 4041 483 4104 Unum
508 4064 672 4128 superesse
694 4045 804 4128 video,
829 4048 912 4128 quod
930 4053 1132 4110 contemnere
1153 4067 1217 4109 non
1241 4067 1313 4130 pos·
1405 4119 1406 4128 χ
