3159 4792
494 558 548 611 pro
567 542 766 599 Laborantibus
786 550 814 599 ct
831 544 966 599 Oneratis.
1135 542 1197 608 133

275 731 425 791 sissimam
449 732 543 791 vitam
566 736 704 792 nostram
727 752 761 792 se
783 732 952 811 dimisil¹),
975 740 1197 794 acuostrorum

274 821 472 895 peccatorum
495 832 629 894 poenam
651 816 767 895 recepit
788 817 820 876 in
843 835 893 895 se,
924 822 957 877 nt
985 836 1043 878 uos
1065 818 1197 878 salvare-

274 916 354 975 mur3
377 896 458 957 siout
477 896 551 957 dicit
564 896 636 961 Esa.
651 897 704 961 Ga.
727 901 786 963 43:
809 902 839 959 ln
862 902 997 980 peccatis
1015 900 1075 961 tuis
1096 900 1196 961 fecisti

275 998 322 1040 me
345 980 498 1060 laborare,
521 986 553 1040 et
573 981 780 1059 iniquitatibus
804 984 864 1043 tuis
888 983 961 1043 mihi
983 984 1081 1043 fecisti
1103 1002 1197 1064 nego·

274 1064 346 1123 tium
370 1072 431 1123 eto.

355 1145 426 1207 Hoc
448 1152 509 1206 tam
530 1144 649 1207 illustre
670 1146 845 1228 exemplum
868 1149 894 1208 si
912 1166 1002 1227 quem
1026 1168 1088 1209 nou
1113 1168 1194 1210 com·

274 1234 390 1306 movet,
412 1234 444 1289 et
465 1229 612 1289 autoritas
634 1229 727 1290 divini
756 1230 892 1292 mandati
925 1231 1028 1293 addita
1056 1233 1081 1292 si
1105 1250 1196 1311 quem

273 1332 335 1373 non
357 1312 489 1392 impellit
519 1311 556 1372 ad
587 1313 666 1373 haec
703 1315 839 1375 caritatis
873 1334 969 1394 opera
1002 1316 1197 1395 praestanda,

273 1414 331 1455 nae
354 1394 408 1455 ille
430 1388 538 1455 merito
559 1396 590 1455 in
614 1396 783 1457 novissimo
805 1396 919 1458 iudicio
950 1398 1054 1459 audiet
1086 1417 1195 1459 vocem

273 1478 342 1538 irati
366 1476 491 1537 iudicis:
524 1477 553 1557 I,
581 1478 762 1557 maledicte,
784 1481 936 1561 inignem
959 1490 1133 1560 aeternnm,
1155 1482 1197 1541 lui

273 1562 354 1641 enim
376 1558 523 1635 infirmus,
546 1568 577 1621 et
598 1580 660 1621 nou
684 1582 734 1622 me
757 1564 885 1625 visitasti
900 1564 950 1641 ²),
982 1564 1036 1625 sed
1059 1570 1197 1625 extreme

273 1645 424 1725 ingratus,
445 1662 501 1723 pro
525 1646 650 1705 summis
674 1644 832 1705 beneficiis
859 1647 889 1705 in
916 1654 946 1706 te
969 1653 1000 1707 et
1021 1649 1195 1708 universum

273 1726 419 1787 mundum
442 1746 462 1785 a
483 1744 532 1787 me
553 1728 717 1807 impensis,
754 1747 793 1788 ne
822 1730 853 1788 in
882 1728 1045 1789 levissimis
1073 1729 1195 1809 quidem

272 1808 383 1870 officiis
406 1808 531 1888 trabes,
564 1812 626 1870 imo
659 1828 708 1869 me
730 1810 882 1871 Christum
904 1813 1002 1872 Deum
1036 1820 1067 1873 et
1089 1811 1196 1873 Salva-

272 1900 370 1953 torem
395 1898 480 1951 tuum
501 1892 539 1951 iu
553 1892 707 1970 trabibus,
729 1893 906 1955 sublevasti.

356 1975 433 2036 Oum
457 1976 556 2056 igitur,
578 1976 948 2058 illustrissime-Princeps,
971 1977 1093 2054 videam
1110 1985 1192 2039 tuam

272 2058 517 2119 dominationem
539 2060 626 2139 gravi
649 2059 756 2135 morbo
773 2060 805 2138 ³)
834 2079 1031 2141 oppressam,
1054 2069 1085 2122 et
1106 2062 1195 2121 simul

273 2140 428 2201 Christum
460 2142 491 2200 in
526 2147 556 2201 te
577 2150 755 2221 aegrotare,
791 2145 964 2203 existimavi
998 2143 1094 2204 officii
1135 2146 1195 2205 mei

272 2243 350 2301 esse,
372 2230 406 2284 ut
428 2222 531 2301 aliquo
562 2226 674 2304 scripto
710 2232 791 2285 tuam
815 2226 851 2288 D.
880 2227 1045 2287 visitarem.
1088 2227 1206 2307 Neque·

272 2308 352 2368 enim
376 2306 569 2367 dissimulare
593 2326 729 2386 possum,
752 2308 834 2388 quod
857 2328 919 2369 non
942 2309 1063 2370 audiam
1086 2328 1195 2390 vocem

273 2390 386 2451 Christi
414 2408 454 2449 ex
471 2396 553 2450 tuae
585 2390 621 2451 D.
646 2409 775 2470 corpore
808 2400 839 2451 et
870 2412 962 2452 earne
988 2392 1026 2453 ad
1058 2412 1107 2452 me
1135 2391 1196 2452 cla·

273 2474 385 2534 mantis
407 2489 444 2533 ac
466 2472 609 2533 dicentis:
639 2473 720 2532 Ecce
750 2473 888 2536 infirmor
915 2476 973 2536 hic.
999 2537 1001 2541 ,
1023 2477 1085 2536 lata
1114 2478 1194 2535 enim

274 2556 369 2631 mala,
400 2560 435 2615 ut
461 2562 532 2615 suut
562 2554 659 2616 morbi
681 2564 713 2617 at
735 2557 815 2636 alia,
842 2578 905 2618 non
934 2578 991 2619 uos
1020 2558 1196 2634 Christiani,

273 2637 327 2699 sed
347 2639 417 2717 ipse
439 2636 576 2698 Christus
598 2638 748 2699 Dominus
776 2647 808 2701 et
838 2642 975 2702 salvator
1007 2647 1128 2711 noster,
1165 2643 1195 2701 in

274 2739 333 2801 qno
354 2720 497 2799 vivimus,
519 2722 640 2800 patitur.
696 2721 781 2783 Sicut
808 2724 968 2785 manifeste
991 2725 1128 2786 Christus
1153 2731 1197 2785 te·

274 2810 370 2864 statur
391 2805 422 2864 in
445 2804 625 2885 evangelio:
655 2804 810 2885 Quidquid
839 2808 966 2868 minimo
996 2828 1034 2867 ex
1057 2810 1132 2867 meis
1155 2808 1196 2867 le-

274 2888 385 2963 oeritis,
408 2886 481 2947 mihi
503 2887 643 2949 feceritis.
687 2888 752 2947 Etsi
785 2899 887 2949 autem
915 2890 977 2950 hoc
1006 2890 1142 2950 officium
1166 2892 1196 2949 in

274 2988 388 3050 genere
421 2968 561 3031 omnibus
597 2970 727 3031 adversa
770 2971 948 3032 valetudiue
986 2972 1196 3032 laborantibus

274 3052 456 3129 debeamus,
480 3059 512 3112 ut
534 3070 589 3113 eos
611 3055 768 3115 visitemus
798 3062 830 3114 et
856 3054 1068 3129 consolemur,
1099 3055 1197 3134 magis

275 3144 375 3197 temen
416 3134 446 3195 id
501 3134 647 3196 debemus
689 3136 866 3198 domesticis
908 3136 991 3198 lidei.
1045 3137 1123 3197 Nam
1167 3144 1198 3196 et

275 3218 386 3279 Paulus
419 3218 501 3279 clare
530 3217 705 3299 distinguit,
738 3221 818 3279 inter
844 3220 964 3280 alienos
993 3226 1025 3280 et
1053 3220 1197 3281 domesti-

276 3319 342 3378 cos,
367 3320 423 3361 seu
445 3302 550 3380 aliqua
573 3301 800 3364 necessitudine
821 3303 980 3363 nobiscum
1006 3307 1198 3376 coniunctos,

276 3382 362 3445 Gala.
385 3388 414 3447 5.

355 3466 419 3527 Sed
448 3466 548 3527 habeo
580 3486 703 3546 quoque
739 3468 815 3528 alias
845 3469 906 3529 mei
935 3468 1030 3529 officii
1051 3470 1197 3530 rationes.

182 3576 184 3587 ν
276 3549 416 3631 Intelligo
440 3551 520 3610 enim
545 3569 594 3609 me
616 3556 761 3630 tanquam
785 3572 879 3626 unum
902 3572 941 3611 ex
964 3552 1092 3613 subditis
1109 3551 1143 3612 T.
1161 3552 1197 3611 D.

277 3652 334 3692 una
365 3652 435 3692 cum
470 3633 587 3712 relique
620 3639 739 3693 tuorum
782 3635 971 3696 subditorum
1003 3633 1196 3695 multitudine

281 3715 384 3777 morbo
408 3722 479 3775 tuae
502 3716 537 3775 D.
561 3714 643 3775 affici
668 3716 796 3794 debere,
829 3725 860 3778 et
886 3738 947 3778 una
975 3719 1063 3800 quasi
1091 3736 1198 3797 aegro·

355 3903 385 3969 1)
409 3901 439 3955 n
459 3902 500 3955 eu.
521 3903 595 3957 ren.:
616 3870 735 3959 demist
772 3904 805 3972 a)
827 3903 909 3958 run:
938 3911 966 3957 a
991 3920 1036 3956 me
1064 3919 1119 3977 „013
1139 3906 1201 3957 vm-

284 3975 353 4027 tasti.
397 3974 427 4037 3)
449 3974 515 4026 lbid.
531 3975 687 4033 additum:
709 3991 779 4031 essa.
