3159 4792
353 478 417 546 288
465 556 471 563 ο
690 477 770 538 Bulla
786 478 889 539 Leonis
909 478 943 539 X.

438 666 581 747 insuper.
614 668 686 748 quia
701 736 704 743 ,
720 688 840 731 errores
873 669 1001 750 praelati
1030 676 1062 731 et
1089 667 1193 751 plures
1227 668 1280 729 alii

355 750 551 811 continentur
572 750 604 810 in
626 751 736 813 libellis
758 772 812 813 seu
833 754 953 833 scriptis
976 751 1134 816 cuiusdam
1142 750 1176 836 a)
1201 752 1280 813 Mar·

355 835 410 893 tini
428 832 550 911 Luther,
572 832 671 895 dictos
693 835 825 913 libellos,
848 843 880 896 et
896 837 1001 897 omnia
1023 836 1098 897 dicti
1110 832 1280 911 Martinill
1400 892 1401 923 ,

355 918 478 997 scripta,
500 936 554 976 eeu
569 917 826 997 praedicationes,
842 920 874 982 in
896 918 1005 998 latina,
1025 919 1075 981 vel
1090 936 1279 999 quoeunque

355 998 417 1060 alio
440 999 586 1060 idiomate
609 998 854 1083 reperiuntur2),
877 1003 908 1061 in
931 1000 1041 1082 quibus
1062 1002 1280 1081 dictionales,

356 1103 410 1143 seu
433 1102 538 1142 eomrm
562 1084 671 1163 aliquis
694 1086 901 1166 continentur,
925 1084 1071 1153 similiter
1086 1084 1281 1163 damnamus,

355 1166 572 1247 reprobamus,
593 1173 686 1247 atque
708 1168 835 1234 omnino
859 1169 1030 1250 reiicimus,
1047 1174 1079 1229 et
1101 1186 1157 1250 pro
1181 1170 1281 1229 omni-

355 1248 436 1325 uoi)
462 1248 629 1327 damnatis,
657 1250 830 1331 reprobatis
860 1270 898 1314 ac
926 1252 1050 1313 reiectis
1072 1258 1122 1329 (ut
1143 1252 1280 1332 praefer-
1400 1326 1401 1335 ἦ

356 1340 420 1409 tur)
445 1330 550 1393 haberi
574 1334 734 1394 volumus:
759 1332 985 1417 mandantesb)
1009 1336 1041 1395 in
1065 1336 1178 1397 virtute
1193 1354 1282 1399 sanc·

356 1424 406 1475 tae
428 1414 642 1495 obedientiae,
673 1423 705 1477 et
725 1417 781 1478 sub
805 1419 914 1498 poenis
944 1416 1109 1499 praedictis
1142 1437 1181 1480 eo
1210 1418 1280 1498 ipso
1382 1420 1401 1489 'r

355 1497 563 1577 incurrendis,
598 1498 739 1561 omnibus
773 1508 805 1561 et
831 1499 962 1583 siugulis
995 1503 1152 1581 utriusque
1186 1520 1282 1561 sexus

355 1580 609 1644 Christilidelibus
637 1583 776 1663 superius
813 1584 994 1663 nominatis,
1034 1604 1074 1645 ne
1105 1584 1282 1651 huiusmodi

354 1667 477 1746 scripta,
498 1664 631 1745 libellos,
651 1665 899 1747 praedicationes
913 1686 968 1729 seu
981 1666 1155 1745 schedulas,
1177 1667 1228 1727 vel
1251 1668 1282 1727 in
1314 1738 1319 1744 .

355 1750 400 1809 eis
424 1755 569 1809 contenta
603 1749 751 1830 capitula,
784 1769 904 1812 errores
935 1757 988 1811 aut
1014 1750 1160 1813 articulos
1187 1770 1283 1831 supra

354 1832 454 1893 dictos
481 1834 671 1893 continentia
699 1832 866 1913 tegerse),
900 1852 1054 1911 asserere,
1091 1832 1282 1914 praedicare,

355 1914 498 1991 laudare,
529 1916 722 1995 imprimere,
744 1916 902 1996 publicare
924 1917 990 1977 sive
1011 1916 1200 1993 defendere,
1224 1936 1281 1997 per

355 1995 443 2074 sed),
466 1998 513 2059 vel
536 1998 641 2078 alium,
663 2019 719 2059 seu
740 1999 829 2077 alios,
851 1998 967 2062 directe
988 1999 1038 2065 vel
1053 1999 1214 2076 indirecte,
1237 2007 1281 2061 tc

354 2083 415 2143 cita
436 2080 485 2142 vel
509 2100 670 2161 expresse,
704 2082 827 2163 publice
855 2082 904 2143 vel
928 2083 1067 2162 occulte,
1098 2090 1152 2148 aut
1172 2085 1203 2143 in
1227 2082 1282 2145 dc

356 2165 494 2241 mibuse)
521 2165 599 2244 suis,
627 2165 694 2226 sive
715 2164 798 2244 aliie,
829 2166 959 2245 publicis
982 2167 1031 2229 vel
1053 2167 1180 2247 privatis
1202 2166 1282 2229 locis

354 2256 461 2311 tenere
482 2267 607 2328 quoquo
631 2247 723 2309 modo
746 2256 958 2329 praesumant,
986 2250 1122 2329 quinimo
1144 2249 1200 2310 illa
1222 2256 1282 2312 stu
1400 2256 1401 2299 l

355 2333 408 2394 tim
430 2343 502 2413 post
535 2332 641 2391 herum
663 2332 919 2411 publicationem,
953 2332 1127 2412 ubicunque
1158 2332 1282 2411 fuerint,

355 2436 410 2498 per
437 2414 607 2476 ordinarios
639 2424 670 2475 et
690 2414 769 2476 alios
788 2414 981 2500 supradictos
1003 2415 1165 2497 diligenter
1188 2434 1281 2495 quae-

354 2497 413 2560 sita
434 2498 566 2579 publice,
589 2505 621 2558 et
641 2498 811 2559 solenniter
833 2499 863 2560 in
885 2500 1062 2579 praesentia
1083 2499 1156 2560 cleri
1179 2505 1211 2560 et
1227 2518 1281 2579 po·

346 2579 434 2662 puli,
471 2581 527 2641 sub
562 2580 703 2641 omuibus
738 2588 770 2641 et
797 2582 924 2663 singulis
957 2582 1138 2663 supradictis
1169 2584 1282 2663 poenis

355 2662 584 2742 comburantfl.
634 2730 638 2734 ,

351 2818 362 2827 α
396 2759 433 2820 a)
457 2745 592 2808 Attende
615 2746 795 2827 emphasim.
1031 2812 1032 2817 ,

395 2829 434 2910 b)
458 2830 528 2892 Nou
551 2831 682 2895 obtines.
723 2830 787 2893 Iam
821 2831 903 2893 euim
940 2830 1030 2893 altius
1066 2830 1186 2893 radices
1210 2849 1281 2911 ege-

368 2912 371 2915 ’
395 2922 475 2991 runt,
497 2933 589 2994 quam
610 2922 643 2975 ut
664 2913 756 2974 avelli
780 2913 835 2975 abe
859 2921 888 2975 le
909 2916 1090 2976 sustineant.
1135 2918 1136 2923 ’

395 3006 432 3072 c)
456 2996 592 3059 Attende
614 2999 737 3078 copiam
757 2998 918 3059 sermonis.

396 3080 433 3160 d)
461 3080 558 3156 Quam
582 3080 686 3144 diserti
709 3089 779 3142 eunt
801 3079 934 3141 Romani
946 3080 1104 3161 Oopiistae
1117 3078 1277 3153 Bullarum

395 3164 591 3227 conflatores.
789 3232 792 3238 ¹
1119 3228 1120 3231 Ἴ

396 3253 432 3324 e)
456 3247 539 3309 Nihil
560 3247 719 3328 praeterit,
748 3253 841 3327 atque
863 3244 942 3307 adeo
965 3244 1015 3306 ubi
1038 3252 1086 3311 est
1107 3264 1169 3305 una
1189 3245 1280 3305 rimu·

396 3331 436 3402 la,
458 3330 594 3391 nondum
618 3350 657 3391 ex
681 3329 763 3391 leta?
796 3328 865 3389 Hoc
893 3328 1022 3391 tandem
1052 3337 1100 3389 eet
1121 3334 1279 3391 oratorem

395 3433 465 3475 esse
487 3420 519 3474 et
539 3413 642 3474 literas
658 3350 758 3473 iatine
779 3412 865 3493 loqui
887 3414 977 3474 scire.

395 3498 424 3574 f)
448 3495 607 3574 Vixerunt,
628 3502 728 3557 actum
752 3503 808 3559 est.

438 3580 527 3657 Quod
550 3598 624 3641 vero
635 3578 676 3641 ad
689 3580 789 3660 ipsum
801 3575 1002 3656 Martinam)
1017 3578 1134 3655 attinet,
1157 3574 1278 3658 banea)

354 3665 447 3743 Dens,
470 3662 543 3745 quid
564 3663 841 3744 praetermisimus,
864 3658 938 3741 quid
960 3680 1021 3723 non
1043 3660 1182 3739 lecimus,
1204 3660 1278 3740 quid

426 3882 456 3939 1)
477 3882 506 3932 ln
526 3879 590 3933 edit.
609 3878 688 3932 dem:
719 3878 839 3931 botheri.
876 3877 909 3945 2)
931 3878 961 3931 ln
981 3874 1023 3931 ad.
1045 3874 1169 3931 doceb:
1200 3890 1281 3945 repe-

353 3952 548 4076 diffide&
579 3952 684 4005 Ibidem
715 3951 808 4004 deest:
842 3952 965 4005 omnino.
1014 3950 1043 4013 4)
1062 3948 1093 4002 Iu
1124 3948 1168 4001 ed.
1199 3946 1278 4001 den:
