3159 4792
366 509 429 580 286
687 515 829 570 'lraeutur
848 515 959 573 bothert
992 531 998 544 ·

368 721 446 780 rere,
467 722 547 782 quae
569 722 625 764 sua
641 711 728 783 sunt,
756 705 875 782 nititur,
906 703 937 765 id
959 704 1042 784 quod
1065 705 1191 784 spiritns
1217 701 1292 765 fidoi
1401 693 1402 712 ¹

367 786 446 847 ferre
467 806 530 848 non
553 795 656 866 potest
684 807 785 868 neque
814 787 953 864 ralet1),
985 796 1016 848 et
1042 787 1220 869 aggreditur
1248 788 1292 847 hi·

368 869 424 929 lari
446 869 548 930 studio
578 869 618 930 ad
648 870 880 951 opprimendam
915 875 947 932 et
974 871 1181 932 coercendam
1209 889 1292 947 eam,

368 953 447 1012 sicut
473 951 585 1012 Paulus
612 952 854 1018 distarent:
891 952 1098 1016 condelector
1134 953 1193 1033 legi
1223 953 1292 1030 Dei,

366 1034 534 1096 secundum
556 1037 731 1097 interiorem
752 1037 925 1115 hominem3
952 1037 1046 1099 video
1073 1043 1175 1098 autern
1198 1036 1292 1096 aliam

367 1117 469 1198 legem
500 1120 531 1178 in
558 1119 701 1182 membris
729 1121 805 1180 meis
837 1128 1060 1201 repugnantem
1090 1120 1151 1199 legi
1180 1121 1292 1180 mentis

366 1217 456 1260 meae
478 1207 510 1261 et
530 1203 736 1282 captivantem
758 1221 809 1264 me
830 1204 859 1262 in
884 1204 982 1284 legem
1001 1203 1130 1283 peccati.
1175 1201 1218 1263 Et
1239 1203 1293 1262 ali-

320 1359 325 1374 ·
367 1282 414 1343 bi:
444 1284 571 1365 Oastigo
594 1304 705 1366 corpus
727 1305 843 1364 meum,
866 1292 897 1346 et
917 1287 948 1346 in
970 1287 1146 1348 servitutem
1171 1284 1291 1366 redigo,

368 1385 408 1426 ne
429 1366 508 1428 forte
537 1368 605 1429 aliis
627 1368 809 1448 praedicans
838 1370 907 1448 ipse
926 1369 1076 1450 reprobus
1097 1367 1230 1446 alliciar,
1263 1375 1293 1428 et
1403 1417 1404 1440 ,

367 1447 438 1512 Gal.
455 1454 487 1514 b:
511 1449 569 1526 Qui
592 1451 702 1512 Christi
725 1459 804 1525 sunt,
828 1471 950 1513 carnem
969 1471 1054 1512 suam
1073 1450 1293 1512 erucifixerunt

370 1551 437 1592 cum
461 1534 718 1614 concupiscentiis
741 1537 813 1596 suis.

451 1617 563 1678 Verum
588 1637 626 1677 ea
648 1636 743 1696 opera
765 1624 888 1698 oportet
909 1635 971 1680 non
994 1637 1031 1679 ee
1053 1617 1117 1678 lieri
1132 1618 1292 1698 opinione,
1370 1623 1396 1682 ⁴,

368 1717 431 1777 quo
453 1718 508 1778 per
528 1701 597 1780 ipsa
619 1718 722 1761 eoram
737 1701 804 1761 Deo
827 1699 1190 1780 iustificeturquiequam,
1212 1699 1294 1760 hanc

368 1782 450 1843 enim
471 1782 579 1843 falsam
604 1784 781 1864 opinionem
811 1783 887 1844 fides
910 1801 971 1845 non
995 1784 1088 1862 feret,
1122 1801 1201 1862 quae
1224 1782 1294 1842 sola
1344 1825 1347 1833 ι

367 1870 415 1925 est
434 1864 548 1926 iustitia
570 1885 674 1926 coram
698 1867 783 1943 Deo,
813 1866 868 1926 sed
890 1867 988 1926 solum
1012 1886 1050 1926 ea
1072 1866 1238 1946 opinione,
1261 1871 1294 1924 ut
1404 1902 1405 1930 ι

367 1965 479 2027 corpus
500 1949 531 2011 in
554 1950 729 2009 servitutem
745 1949 910 2030 redigetur,
933 1956 965 2009 et
986 1950 1161 2029 purificetur
1183 1967 1202 2008 a
1220 1966 1292 2008 con·
1404 1975 1405 1994 ι

339 2046 342 2055 ·
369 2031 564 2109 cupiscentiis
577 2032 640 2090 suia
652 2030 753 2108 malie,
762 2033 807 2093 ita
817 2031 978 2092 utoculum
992 2033 1121 2092 nonnisi
1135 2037 1238 2091 vertat
1253 2030 1292 2090 ad
1404 2043 1405 2116 j

370 2113 637 2192 concupiscentias
651 2114 877 2195 expurgandae.
921 2113 996 2174 Gurn
1010 2115 1089 2175 enim
1113 2115 1216 2174 anima
1239 2133 1294 2194 per

371 2193 462 2256 iidem
487 2202 618 2277 purgata
640 2197 679 2257 sit
700 2205 731 2257 et
753 2217 861 2258 amens
880 2197 937 2258 Dei
956 2199 1050 2276 iacta,
1072 2197 1167 2258 vellet
1189 2198 1294 2258 omnia

370 2279 485 2359 pariter
506 2282 637 2360 purgari,
665 2281 830 2360 praecipue
852 2299 962 2360 corpus
985 2282 1151 2361 proprium,
1173 2287 1207 2340 ut
1229 2299 1294 2341 orn·

369 2361 421 2421 nia
443 2380 547 2422 secum
568 2370 708 2424 amarent
729 2370 760 2424 et
782 2363 943 2424 laudarent
963 2364 1072 2424 Deum.
1116 2363 1161 2424 lta
1182 2362 1232 2442 iit,
1263 2369 1295 2422 ut
1405 2429 1406 2452 χ

368 2443 463 2505 borno
486 2447 630 2525 exigente
653 2447 790 2526 corporis
814 2447 858 2506 eui
882 2465 975 2506 causa
997 2447 1085 2508 otiari
1099 2465 1162 2508 non
1185 2446 1294 2526 possit,

372 2535 560 2607 cogaturque
583 2527 623 2588 ob
645 2527 674 2588 id
699 2528 793 2589 multa
816 2529 896 2590 bona
920 2531 1059 2608 operari,
1093 2535 1126 2589 ut
1147 2531 1177 2588 in
1201 2529 1294 2589 servi

370 2615 465 2669 tertern
488 2610 615 2691 redigat.
659 2611 745 2672 Haec
754 2610 787 2695 ²)
811 2618 914 2672 tamen
945 2631 1039 2691 opera
1070 2612 1139 2690 ipsa
1168 2630 1233 2672 non
1263 2610 1294 2670 id

370 2699 450 2768 suut,
476 2711 537 2772 quo
550 2693 732 2755 instificetur
746 2713 850 2756 coram
863 2695 941 2772 Deo,
964 2695 1018 2755 aed
1031 2695 1163 2776 gratuito
1186 2713 1295 2756 amore

370 2793 409 2834 aa
429 2775 521 2836 iaciat
542 2778 572 2836 in
592 2776 771 2856 obsequium
785 2778 852 2856 Dei,
875 2777 1042 2840 nihilaliud
1064 2779 1179 2837 intutus
1202 2795 1296 2856 quem

373 2856 506 2918 divinum
530 2858 770 2939 beneplacitum,
805 2860 853 2920 cui
884 2863 1064 2940 peremnia
1091 2860 1186 2919 vellet
1207 2859 1296 2920 obse

369 2941 420 3020 qni
441 2940 676 3004 officiosissime.
1224 2951 1226 2958 '

416 3025 520 3096 ,Hac
546 3027 823 3106 rationeqnisque
856 3043 890 3086 se
916 3027 1017 3106 ipsum
1048 3025 1170 3086 erudire
1204 3027 1297 3088 facile

370 3113 489 3187 potest,
523 3127 583 3185 qua
617 3127 759 3169 mensura
785 3115 839 3170 aut
865 3108 1051 3170 discretione
1083 3112 1135 3186 (ut
1168 3107 1294 3186 dicunt]

372 3208 485 3271 corpus
508 3211 596 3250 suum
620 3194 771 3272 castigare
793 3191 915 3270 debeat,
937 3198 1053 3252 tanturn
1077 3193 1157 3252 enim
1181 3193 1297 3252 ieiuna

369 3272 437 3347 bit,
460 3273 607 3352 vigilabit
632 3273 793 3350 laborabit,
816 3281 961 3354 quantum
986 3277 1059 3336 satie
1082 3294 1152 3336 esse
1173 3275 1296 3352 viderit,

370 3355 410 3417 ad
436 3358 574 3434 corporis
597 3357 754 3418 lasciviam
790 3364 822 3419 et
852 3360 1132 3438 concupiscentiam
1156 3377 1297 3438 premen-

372 3437 455 3500 dam.
500 3438 559 3513 Qui
582 3459 655 3501 vero
677 3447 877 3519 praesumunt
890 3440 1033 3520 operibus
1054 3440 1222 3516 iustificari,
1247 3441 1299 3502 ob·

372 3531 497 3582 servant
518 3541 580 3582 nou
603 3523 871 3584 mortificationem
893 3525 1221 3603 concupiscentiarum,
1245 3523 1298 3584 sed

300 3614 307 3620 '
370 3606 438 3684 ipsa
459 3613 574 3665 tantum
599 3625 709 3685 opera,
731 3607 927 3682 arbitrantes,
955 3609 979 3665 si
1001 3607 1096 3668 modo
1118 3625 1210 3686 quam
1234 3607 1298 3686 plu·

370 3689 447 3747 rima
471 3694 501 3748 et
522 3691 655 3748 maxima
676 3689 814 3768 fecerint,
837 3708 905 3750 sese
923 3689 1126 3750 benehabere
1149 3697 1181 3750 et
1201 3689 1299 3750 iustos

371 3770 470 3832 iactos
494 3789 580 3845 esse,
618 3771 784 3851 aliquando
815 3780 846 3833 et
872 3773 1031 3837 cerebrum
1058 3771 1236 3848 laedentes,
1269 3779 1300 3832 et

371 3861 512 3915 naturam
527 3856 768 3935 exstinguentes,
778 3865 832 3916 aut
844 3856 953 3927 saltem
966 3855 1104 3918 inutilem
1118 3855 1298 3917 reddentes:

447 3978 473 4036 t)
494 3975 674 4028 inediam:
706 3975 788 4029 volet.
827 3973 907 4039 2t1n
932 3974 975 4028 ed.
1001 3975 1087 4042 orig:
1120 3975 1177 4028 Nec
1205 3984 1299 4032 tamen

304 4041 308 4049 ’
372 4057 459 4112 opera
475 4047 537 4114 ipsa
554 4061 611 4099 non
630 4044 660 4098 id
676 4051 749 4099 sunt
1157 4053 1160 4061 '
