3159 4792
626 502 656 556 D.
692 498 727 558 ll.
746 502 868 557 Luthori.
1149 502 1211 569 337
1298 552 1299 559 ,

282 767 478 844 Quaestio
504 765 652 851 (utrum
679 787 810 850 opero
838 771 993 833 faciant
1024 772 1069 833 ad
1101 775 1210 835 iusti-

609 851 886 951 ficationem‘l)

459 1006 478 1047 a
498 986 536 1047 D.
558 986 691 1049 Martino
714 983 847 1052 Luthero
873 988 1028 1069 disputate

561 1121 654 1183 Anno
676 1123 716 1185 Μ.
739 1122 778 1188 Ι).
801 1122 930 1211 XX**).

327 1258 354 1317 1.
378 1255 419 1317 Ut
446 1255 520 1315 nihil
550 1256 695 1319 iustificat
725 1259 783 1319 nisi
804 1258 898 1337 fides,
926 1262 970 1320 ito
1003 1260 1076 1320 nihil
1100 1267 1210 1343 peccet

279 1339 342 1400 uisi
364 1338 572 1401 incredulitas.

322 1424 353 1484 2.
374 1420 552 1483 lustilicstio
575 1423 701 1502 propriu
727 1430 777 1484 est
796 1423 867 1485 fidoi
891 1432 999 1504 quarto
1023 1424 1128 1507 modo,
1151 1428 1208 1487 sic·

280 1512 315 1564 ut
337 1510 369 1564 et
389 1512 549 1584 peccatum
572 1506 804 1567 incredulitatis.

325 1590 357 1652 3.
378 1587 470 1652 Fides
490 1590 548 1648 nisi
570 1590 610 1649 sit
630 1589 698 1650 sino
720 1590 804 1668 ullis,
838 1591 931 1650 ctiam
954 1592 1085 1651 minimis
1109 1594 1209 1673 operi·
1294 1634 1301 1643 -

280 1671 340 1731 bus
362 1690 424 1731 nou
447 1671 600 1751 iustillcot,
623 1673 686 1734 imo
709 1693 771 1734 non
796 1681 844 1733 est
863 1672 950 1734 fides.

322 1755 353 1815 4.
377 1754 568 1833 Impossibile
590 1762 646 1833 est,
669 1755 761 1816 iidem
780 1776 849 1817 esse
872 1758 938 1816 sine
962 1756 1109 1835 assiduis,
1133 1757 1207 1818 mul-

279 1838 321 1897 tis
343 1844 376 1899 et
397 1838 517 1917 mugnis
537 1838 694 1919 operibus.

322 1924 352 1985 5.
376 1920 442 1982 Nec
464 1940 559 2000 opero
579 1929 652 2001 post
673 1922 1207 2003 iustificationomvloctoiustificant,

278 2002 353 2063 lIcet
375 2010 523 2063 vocentur
543 2006 676 2065 iustitiae
696 2006 728 2065 in
751 2005 914 2085 Scriptura.

324 2088 354 2151 6.
377 2085 441 2147 Nec
464 2106 560 2167 opere
581 2095 653 2147 oute
688 2088 936 2159 iustificationem
963 2090 1083 2165 factal)
1122 2108 1208 2151 rcum

277 2168 407 2248 faciunt,
429 2169 501 2229 licet
523 2178 671 2231 vocentur
693 2178 823 2252 peccota
843 2174 874 2231 in
898 2172 1072 2253 Scripturis.
1172 2198 1173 2203 ¹

321 2256 351 2323 7,
375 2252 471 2311 Notus
495 2272 535 2313 ex
549 2254 616 2313 Deo
639 2274 701 2315 uon
723 2261 843 2335 peccat,
868 2275 927 2317 noc
948 2263 1053 2337 potest
1065 2275 1206 2337 peccare.

322 2336 354 2399 8.
376 2334 436 2409 Qui
458 2335 569 2397 dixerit
590 2356 623 2398 se
644 2357 707 2398 nou
740 2357 888 2419 peceare,
924 2338 1057 2399 mendox
1081 2348 1142 2417 est,
1176 2347 1208 2400 et

279 2420 395 2478 veritas
416 2419 447 2478 in
468 2439 506 2480 eo
529 2439 593 2481 non
615 2426 671 2482 est.

320 2504 350 2566 9.
374 2500 528 2576 Quantum
549 2503 666 2564 faciunt
693 2503 737 2563 ad
754 2502 957 2565 substantiam
986 2505 1104 2567 arboris
1129 2505 1206 2565 lruc-

277 2590 345 2657 tus,
385 2591 501 2645 tuntum
531 2586 649 2647 faciunt
676 2587 715 2648 sd
742 2588 990 2650 iustificationem
1024 2596 1055 2649 et
1088 2596 1206 2650 reatum

265 2673 296 2730 'o
323 2686 387 2731 era.
699 2732 703 2739 ,

299 2689 407 2816 lusi
434 2752 465 2811 in
486 2750 548 2813 fide
577 2750 643 2815 fieri
672 2761 782 2833 posset
811 2754 1010 2835 adulterium,
1044 2762 1206 2837 peccatum

279 2854 343 2896 noo
369 2841 461 2895 esset.

284 3000 708 3017 -ο--ι-ι-α--ιιφ-ι--ι-

278 3092 307 3154 6.
329 3088 397 3150 Nec
419 3089 556 3163 Christus
578 3098 618 3152 ut
646 3090 774 3162 uon*l
800 3091 928 3169 meruit,
967 3098 1000 3151 ut
1020 3064 1104 3152 esset
1120 3070 1204 3153 ‘filius

278 3173 330 3233 dei
352 3178 385 3233 et
405 3173 556 3250 mediator
577 3174 746 3239 hominum.
788 3179 816 3241 7.
842 3174 906 3235 Nec
929 3175 1015 3256 virgo
1027 3174 1123 3235 Moris
1145 3194 1205 3236 me-

280 3258 350 3336 ruit,
373 3263 408 3316 ut
427 3263 565 3337 portaret
584 3256 680 3322 filium
703 3259 771 3321 Dei.

353 3376 385 3439 1)
403 3376 436 3427 ln
455 3375 623 3430 editionibus
642 3378 864 3443 Propositionum
886 3376 1015 3446 Lutheri,
1040 3392 1111 3445 quoe
1131 3392 1205 3428 cuno

279 3446 569 3503 1538etanre1538
593 3447 773 3517 prodierunt,
801 3449 846 3500 hic
873 3448 901 3499 in
922 3452 1048 3519 margine
1067 3448 1207 3516 adscripto

278 3519 425 3587 leguntur:
446 3519 499 3573 Sed
518 3520 705 3588 incredulitas,
724 3524 784 3574 sine
802 3535 857 3588 qus
874 3520 980 3573 nullum
993 3529 1035 3574 est
1053 3526 1204 3589 peccatum.

279 3591 327 3657 (cl.
348 3590 483 3643 Riederer
502 3591 633 3645 Kircheu-
644 3593 700 3643 und
713 3592 915 3661 Buchergesch.
934 3592 973 3647 IV
991 3612 1017 3661 p.
1038 3592 1098 3647 299.

354 3661 386 3729 ⁸)
407 3662 483 3715 Hcec
502 3664 585 3717 verba
602 3670 638 3715 ut
657 3680 725 3717 nou
747 3663 818 3717 falso
837 3666 984 3716 interserto
1002 3664 1148 3730 videntur,
1168 3666 1206 3715 ni-

180 3758 181 3766 ¹
281 3735 304 3786 si
322 3734 476 3802 quidquam
496 3750 532 3787 ex
557 3735 704 3788 verborum
723 3741 802 3789 textu
822 3734 931 3787 excidit.
952 3734 1000 3803 ⁸⁴²)
1021 3735 1096 3786 Haec
1115 3736 1206 3803 dispu-

281 3808 352 3858 tetio
374 3804 453 3858 deest
460 3807 490 3858 in
502 3806 543 3859 ed.
558 3808 635 3875 1530,
655 3822 708 3860 uos
719 3814 825 3859 textum
836 3808 1015 3875 repetivimus
1027 3822 1062 3859 ex
1073 3805 1114 3857 cd.
1139 3807 1206 3862 1538

180 3897 181 3922 1
280 3877 405 3933 er1558.
443 3877 475 3930 ln
494 3879 535 3931 ed.
556 3879 626 3935 1538
653 3881 798 3947 inscriptio
823 3878 891 3929 hoec
909 3883 965 3930 est:
996 3880 1203 3945 Propositiones

180 3979 181 3984 =
281 3964 298 3999 s
315 3950 437 4002 liertino
456 3951 575 4004 luthero
595 3950 750 4019 disputatae
774 3966 848 4003 euno
867 3950 927 4001 XX.
948 3950 980 4004 U.
999 3966 1086 4018 opere
1104 3953 1207 4003 sociant

279 4020 314 4071 od
331 4022 566 4076 iustificationem.
589 4025 638 4089 (cf.
658 4022 760 4074 Wolch.
780 4021 854 4075 XIX.
873 4038 900 4089 p.
922 4022 1089 4086 107.1723.t

306 4126 398 4167 nsueti
415 4137 467 4177 opp.
481 4128 508 4170 v.
521 4128 549 4167 A.
563 4129 592 4167 au
605 4128 646 4168 rof.
659 4128 710 4168 sut
723 4129 739 4168 n
752 4139 774 4177 p.
788 4127 838 4169 vor.
852 4127 889 4169 iv.
1062 4095 1103 4157 22
