3159 4792
504 519 613 577 Tessar.
633 517 746 583 (tonsol.
767 520 796 574 t).
813 518 849 575 u.
868 520 1005 587 liutheri.⁴
1156 519 1197 585 85

274 707 443 769 formando
464 708 628 771 haesitanti
640 708 728 771 haec
748 710 866 773 scribit:
889 709 1043 787 „Tituium
1054 710 1196 771 Tessera-

278 790 404 851 decadis
435 811 523 853 meae
557 813 619 853 non
657 812 725 854 mea
761 795 855 855 refert
891 793 1013 873 qualem
1047 794 1197 871 formaris,

279 874 373 935 modo
397 875 472 935 nihil
494 877 690 957 arrogantiae
718 880 834 957 sapiat,
862 896 930 937 cum
960 896 1012 938 res
1034 879 1102 957 ipsa
1125 877 1197 937 mibi

280 957 420 1019 videatur
442 958 623 1021 viliuscula“
649 960 751 1029 (Luth.
766 962 843 1041 npp.
867 961 914 1021 ed.
926 960 1022 1021 Aurif.
1035 961 1058 1038 1,
1081 981 1111 1041 p.
1125 962 1195 1025 219.

278 1043 316 1102 de
346 1041 451 1103 Wette
473 1042 501 1121 I,
539 1062 568 1123 p.
592 1041 676 1125 369).
720 1044 777 1105 Die
812 1049 839 1109 7.
874 1045 987 1105 mensis
1018 1044 1197 1105 Decembris

275 1124 376 1185 eidem
422 1126 526 1187 refert:
571 1126 842 1205 ‚sfessaradecada
875 1126 1010 1187 nondum
1047 1129 1113 1190 scio
1157 1147 1195 1186 an

277 1207 377 1286 edam,
400 1211 579 1287 praesertim
601 1210 723 1289 Latine,
747 1230 816 1273 cum
839 1210 869 1271 id
891 1230 989 1291 genus
1012 1211 1196 1290 scriptionis,
1229 1282 1233 1291 ,

276 1292 360 1372 quod
385 1291 537 1353 Christum
568 1295 662 1373 sapit,
696 1296 841 1374 sophistis
876 1296 915 1353 ait
949 1293 1197 1354 odiosissimum“

279 1376 385 1457 (Lnth.
414 1375 493 1455 Epp.
524 1376 572 1437 ed.
608 1377 646 1437 de
669 1377 773 1439 Wette
795 1378 808 1438 1
831 1398 861 1457 p.
883 1378 981 1453 373),
1012 1376 1064 1437 die
1094 1384 1196 1437 autem

278 1460 325 1522 18.
358 1478 398 1519 m.
426 1459 501 1520 Deo.
531 1460 559 1520 ei
589 1462 726 1525 nuntiat:
763 1460 1009 1537 „Tesseradeoas
1039 1459 1197 1520 excuditur

275 1548 405 1621 utraque
427 1542 551 1623 lingua“
583 1543 686 1617 (Luth.
710 1543 789 1625 npp.
821 1544 868 1606 ed.
897 1544 992 1604 Aurif.
1015 1543 1043 1621 l,
1071 1563 1101 1623 p.
1125 1546 1195 1606 223.
1229 1569 1232 1579 ’

275 1625 314 1685 de
336 1624 442 1686 Wette
463 1624 486 1703 1,
517 1646 547 1707 p.
570 1627 659 1700 378).
703 1628 759 1687 Die
784 1629 812 1691 9.
842 1628 956 1687 mensis
979 1624 1138 1687 Februarii
1168 1646 1196 1686 a.

276 1711 358 1791 1520
381 1706 542 1787 spalatino
564 1708 643 1771 haec
664 1708 782 1770 scribit:
812 1708 1093 1787 „Tessaradecadis
1115 1709 1195 1769 fron-

276 1791 346 1852 talis
370 1790 502 1871 epistola
524 1794 639 1853 omissa
661 1800 725 1870 est,
750 1812 863 1875 magua
884 1792 979 1854 libelli
1001 1791 1197 1853 deformitate

276 1882 306 1935 et
328 1894 400 1935 mea
421 1873 641 1955 indignatione.
685 1877 823 1936 Absente
860 1895 909 1935 me
936 1877 1020 1955 prior
1041 1877 1196 1936 sexternio

276 1977 410 2019 excums
443 1965 505 2019 est:
538 1960 701 2020 vernacula
731 1958 910 2041 propediem
939 1978 1063 2041 quoque
1096 1957 1196 2019 absol·
1300 2020 1306 2031 ,

275 2048 371 2104 vetur.
416 2040 508 2102 Tardi
532 2062 600 2102 esse
623 2045 762 2124 cogimur
790 2050 853 2103 tum
877 2043 968 2122 eopia
989 2043 1195 2124 negotiorum,

276 2132 339 2185 tum
371 2126 478 2204 inopia
512 2129 673 2205 typorum‘⁴
716 2126 820 2199 (Loth.
856 2126 933 2205 Epp.
975 2123 1021 2186 ed.
1058 2124 1152 2186 Aurif.
1173 2124 1197 2202 1,

276 2230 303 2288 p.
327 2207 413 2271 2401.
437 2206 476 2267 de
500 2206 793 2289 wette1,p.407)‚
816 2208 865 2268 die
886 2208 1019 2287 denique
1043 2211 1091 2270 11.
1114 2227 1196 2266 men-

276 2294 316 2351 sis
344 2290 500 2351 Februarii
534 2291 693 2371 Spalatino
731 2293 821 2353 mittit
842 2290 1093 2351 Tesseradecada
1120 2290 1197 2350 haee

276 2374 412 2435 addens:
436 2372 538 2453 „Ecce
561 2374 813 2436 Tesseradccada
835 2382 937 2446 tuam,
964 2376 1027 2435 imo
1050 2376 1197 2451 nostram,

276 2460 315 2518 mi
336 2456 529 2536 Spalatine.“
580 2458 684 2531 (Luth.
707 2458 785 2540 npp.
816 2457 863 2519 ed.
887 2457 981 2521 Aurif
1004 2458 1032 2534 1,
1057 2477 1085 2537 p.
1110 2456 1196 2519 aith.

276 2541 313 2601 de
337 2538 444 2601 Wette
465 2540 491 2613 Ι,
512 2561 542 2621 p.
561 2543 651 2621 408).

359 2638 680 2701 HaecTessaradeoas
695 2642 913 2719 consolatoria,
935 2660 1027 2721 quum
1051 2640 1198 2700 maximo·
1317 2702 1325 2725 ι

275 2744 351 2806 pere
387 2722 528 2783 omnibus
559 2723 622 2784 fere
645 2723 684 2784 ad
714 2745 823 2803 unum,
856 2726 948 2785 etiam
970 2724 1037 2799 nis,
1071 2723 1121 2801 qui
1142 2722 1197 2783 Lu·

275 2808 354 2869 theri
378 2804 538 2867 doctrinae
561 2806 702 2876 omnibus
727 2807 826 2868 modis
843 2806 1100 2884 adversabantur,
1130 2825 1198 2886 pro·

276 2891 401 2952 baretur
446 2888 501 2963 [of.
546 2890 757 2951 Seckendorfli
800 2890 877 2951 Hist.
912 2886 1070 2950 Luther.I
1108 2894 1135 2960 §.
1159 2892 1198 2951 63

275 2995 304 3055 P·
329 2975 388 3070 a,
421 2970 1000 3116 W:¹:¹²³:unisonant-
1014 2970 1052 3113 ἐξ
1066 2975 1198 3112 aa:

275 3075 469 3215 wibbodi,
497 3076 605 3217 tinibus
634 3104 782 3199 Lot-hirrus
801 3074 925 3199 qdolere
968 3156 1002 3197 se
1045 3134 1199 3211 indicavit,

276 3221 360 3303 quod
382 3222 433 3281 hic
454 3221 540 3299 liber,
557 3241 647 3301 quum
664 3221 975 3300 totiesrecuderetur,
986 3218 1077 3280 valde
1091 3218 1196 3299 depra-

278 3310 366 3367 vatus
391 3312 422 3365 et
445 3305 599 3365 mutilatus
623 3312 706 3366 esset
723 3306 778 3377 (cf.
801 3306 879 3365 infra
898 3304 964 3366 sub.
987 3302 1039 3363 fin.
1062 3302 1092 3363 h.
1117 3303 1198 3376 lib).

364 3423 599 3485 Vetustissimae
621 3420 708 3482 huius
732 3422 801 3483 libri
824 3423 976 3483 editiones
1001 3427 1085 3480 sunt:

318 3530 358 3598 a)
383 3522 514 3584 latinae:

360 3622 589 3683 Tesseradecas
613 3620 830 3683 Consolatoria
857 3640 914 3700 pro
937 3618 1147 3682 laborantibus
1170 3626 1226 3677 et·

363 3706 500 3765 oneratis
523 3706 560 3765 M.
584 3704 707 3765 Lutheri
736 3706 815 3785 Aug.
838 3704 1091 3783 Vuittenbergen.
1137 3699 1199 3773 (Ti-

363 3788 419 3849 tuli
441 3790 565 3869 pagina,
588 3789 673 3848 cuius
686 3789 839 3869 margines
858 3788 952 3867 signis
970 3784 1200 3868 typographicis

364 3890 428 3933 non
451 3878 523 3931 sunt
535 3870 645 3948 ornati,
670 3890 729 3931 neo
740 3872 843 3931 locum
856 3889 914 3930 nec
926 3888 1039 3929 annum
1055 3866 1199 3941 indicat).

363 3956 399 4017 In
421 3953 499 4015 fine:
529 3956 710 4034 Impressnm
746 3952 970 4034 Vuittenbergii
1002 3970 1057 4032 per
1087 3950 1199 4011 dohan-

363 4056 436 4101 nem
458 4036 693 4120 emneubergk.
732 4038 828 4137 pano
850 4036 889 4099 n.
913 4035 951 4098 D.
972 4031 1042 4099 XX.
1068 4032 1201 4113 (Panaer
