3159 4792
376 513 440 582 254
686 517 831 570 ibwtatrs
850 515 963 570 maban
1290 569 1296 604 ,

457 702 547 764 Unde
568 704 763 763 ceremoniae
794 655 832 762 in¹
846 705 917 763 uita
941 701 1116 764 Christiana
1137 699 1201 760 alie
1225 699 1298 760 loeo

376 787 538 848 habendae
560 805 622 846 uon
644 794 731 863 sunt,
770 805 860 864 quam
885 785 966 866 apud
987 785 1091 845 fabros
1115 790 1146 843 et
1166 781 1300 844 artifices

375 870 526 939 habentur
547 876 801 949 praeparamenta
822 870 876 929 illa
893 868 932 928 ud
945 867 1168 934 aedificandum
1182 874 1300 946 stupe
1401 859 1402 906 ἶ

375 953 504 1014 randum
526 953 686 1032 disposita,
709 971 788 1032 quae
802 971 865 1013 non
888 954 919 1012 in
931 951 992 1012 boa
1014 957 1168 1032 parantur,
1192 955 1225 1008 ut
1246 949 1300 1008 nli-

376 1036 446 1114 quid
471 1037 531 1095 sint
551 1043 605 1096 aut
626 1043 785 1115 maneant,
806 1035 862 1098 sed
885 1035 968 1114 quod
991 1037 1057 1095 sine
1079 1036 1116 1094 iis
1136 1031 1298 1093 aedificari

376 1126 429 1178 aut
449 1118 515 1178 fieri
537 1119 612 1178 nihil
633 1120 750 1200 possit,
781 1119 919 1199 perfecta
951 1119 1031 1178 enim
1069 1123 1222 1178 structura
1247 1115 1301 1175 de·

375 1210 540 1281 ponuntur.
581 1202 639 1262 Hic
660 1201 756 1281 vides,
779 1219 842 1263 non
862 1203 931 1282 ipsa
955 1201 1128 1279 contemni,
1150 1201 1214 1259 imo
1240 1217 1301 1258 rna-

374 1286 457 1344 x-ime
480 1287 599 1363 quaeri:
621 1287 728 1366 opinio
751 1293 853 1348 autem
873 1285 1087 1362 contemuitur,
1110 1284 1182 1362 quia
1207 1301 1302 1342 nemo

376 1369 532 1427 existimat
559 1369 637 1428 baec
668 1388 737 1428 esse
768 1387 872 1428 veram
896 1375 927 1428 et
949 1375 1180 1448 permanentem
1204 1373 1303 1426 strue

375 1457 482 1510 turam.
525 1450 665 1525 Quodsi
702 1452 768 1530 quis
802 1458 863 1510 tam
886 1452 1047 1531 insigniter
1067 1450 1240 1530 desiperet,
1269 1455 1304 1508 ut

376 1539 442 1593 tota
464 1535 527 1594 vita
547 1534 630 1594 aliud
652 1554 714 1594 non
737 1541 875 1612 curaret,
907 1553 996 1612 quam
1021 1541 1054 1593 ut
1073 1533 1151 1593 baec
1171 1551 1303 1613 praepa-

373 1625 513 1677 ramenta
535 1637 626 1696 quam
648 1619 928 1696 sumptuosissime,
957 1616 1208 1697 diligentissime,
1233 1635 1301 1695 per·

375 1701 564 1760 bnacissimc
594 1701 789 1780 disponeret,
829 1719 985 1779 nunquam
1024 1707 1125 1760 autem
1161 1699 1201 1759 de
1231 1700 1304 1778 ipsa

374 1789 524 1842 structura
551 1785 722 1864 cogitaret,
754 1783 812 1845 sibi
833 1785 959 1864 placens
994 1789 1033 1842 et·
1056 1783 1175 1843 iactans
1210 1801 1301 1842 suam

375 1883 501 1944 operam
534 1868 565 1924 in
599 1869 861 1946 praeparamentis
894 1873 927 1926 et
958 1865 1061 1926 fulcris
1100 1867 1166 1926 istis
1202 1867 1303 1945 vania,

375 1966 478 2007 nonne
499 1967 607 2009 omnes
629 1951 694 2009 eius
715 1951 855 2016 insaniae
879 1951 1103 2028 misererentur,
1125 1955 1157 2008 et
1175 1955 1303 2029 sumptu

372 2031 432 2173 {im
454 2031 575 2110 perdito
598 2051 741 2112 magnum
763 2033 879 2112 aliquid
908 2031 1064 2093 aedificari
1091 2034 1231 2113 potuisse
1259 2035 1302 2093 iu-

393 2113 519 2177 iearent.
985 2165 987 2170 .

455 2196 502 2257 Ita
528 2216 594 2257 'non
627 2201 818 2271 ceremonias
851 2218 908 2260 nec
930 2214 1026 2279 opera
1058 2198 1299 2277 contemnimus,

373 2281 436 2340 imo
458 2283 591 2341 maxime
613 2283 802 2362 quaerimus,
833 2283 1010 2362 opinionem
1041 2291 1142 2344 autem
1168 2299 1300 2362 operum

373 2365 607 2443 contemnimus,
630 2385 670 2425 ne
692 2367 760 2444 quis
781 2367 937 2426 existimet
952 2365 1037 2426 illam
1059 2385 1127 2429 esse
1150 2364 1298 2441 veramll

372 2447 529 2524 iustitiam,
551 2449 629 2507 siout
649 2448 765 2508 faciunt
785 2449 983 2529 hypocritae,
1005 2449 1057 2528 qui
1079 2458 1176 2511 totam
1203 2449 1298 2508 vitam

372 2530 403 2588 in
426 2529 472 2588 bis
495 2529 602 2589 studiis
623 2529 722 2610 figunt
731 2531 763 2609 ²)
787 2538 819 2591 et
840 2531 988 2612 perdunt,
1022 2538 1053 2592 et
1075 2532 1114 2593 ad
1137 2533 1185 2609 id,
1210 2533 1301 2591 euius

371 2614 470 2690 gratia
490 2611 583 2692 fiunt,
606 2631 668 2673 non
690 2616 883 2694 perveniunt,
907 2633 971 2693 seu,
994 2621 1028 2675 ut
1049 2615 1221 2698 Apostolus
1246 2617 1300 2694 ait,

373 2713 496 2774 semper
518 2695 686 2774 discentes,
708 2704 740 2757 et
760 2717 916 2778 uunquam
939 2698 978 2757 ad
1000 2699 1159 2760 scientiam
1186 2700 1300 2758 verita·

373 2777 411 2836 tis
439 2780 662 2857 pervenientes.
706 2779 856 2842 Videntur
891 2783 971 2843 enim
1003 2783 1083 2844 velle
1119 2781 1300 2859 aedificare,

371 2879 502 2940 seseque
524 2870 647 2942 parant,
681 2871 713 2924 et
734 2872 837 2926 nmen
861 2883 923 2926 nou
960 2863 1127 2927 aedificant
1148 2885 1299 2946 unquam,

372 2944 415 3003 ita
436 2954 563 3006 manent
582 2947 612 3006 in
635 2949 740 3028 speeie
761 2949 901 3028 pietatis,
930 2954 961 3008 et
980 2951 1122 3012 virtutem
1146 2950 1212 3010 eius
1235 2971 1299 3012 non
1401 3013 1402 3026 ,

369 3032 531 3113 attingunt.

1401 1389 1402 1404 l

1356 2065 1360 2076 l

1401 2243 1402 2252 r

1401 2525 1402 2538 l

1401 2673 1402 2686 l

1401 2689 1402 2698 r

1401 2789 1402 2800 t

1401 2809 1402 2820 t

1401 2969 1402 2978 r

453 3117 580 3177 Placent
600 3123 703 3178 tamen
725 3119 848 3178 interim
871 3119 928 3179 sibi
949 3121 981 3178 iu
1004 3118 1050 3177 his
1073 3115 1197 3195 studiis,
1230 3121 1298 3180 ausi
1401 3141 1402 3152 ¹

372 3199 463 3257 etiam
486 3219 595 3259 omnes
627 3200 706 3260 alios
740 3200 893 3281 iudicare,
927 3220 1005 3281 quus
1038 3200 1129 3260 simili
1163 3219 1295 3280 operum

370 3299 485 3366 pompa
512 3302 574 3343 non
595 3283 714 3363 fulgere
735 3284 856 3362 vident,
893 3303 963 3345 cum
985 3285 1046 3344 hoc
1066 3301 1148 3342 vano
1171 3293 1298 3364 sumptu

371 3370 402 3424 et
422 3365 518 3425 abusu
541 3365 692 3427 donorum
715 3367 784 3448 Dei,
805 3369 833 3427 si
854 3367 915 3429 fide
938 3373 1044 3428 essent
1063 3365 1182 3443 imbuti,
1207 3387 1298 3448 gran-

370 3448 421 3509 dia
442 3450 616 3528 potuissent
635 3451 666 3509 in
688 3469 773 3510 suam
798 3451 979 3512 stultorum
1001 3451 1130 3512 salutem
1154 3449 1300 3532 efficere,

370 3542 477 3592 verum
510 3553 578 3592 oum
612 3541 722 3594 natura
754 3535 890 3595 bumana
923 3541 954 3595 et
983 3535 1062 3596 ratio
1087 3541 1140 3609 (ut
1160 3541 1297 3611 vocant)

370 3616 516 3676 naturalis
548 3617 590 3676 sit
605 3617 788 3677 'naturaliter
800 3619 1020 3698 ‘superstitiosa
1032 3640 1044 3696 ,¹
1075 3624 1106 3678 et
1127 3620 1299 3698 propositis

303 3749 309 3754 .
370 3699 539 3778 quibusque
561 3700 680 3780 legibus
702 3708 733 3761 et
755 3702 898 3781 operibus
913 3702 1106 3784 promptasit
1129 3703 1159 3760 in
1173 3703 1298 3782 opinio·

370 3801 440 3842 nem
463 3782 687 3845 iustificationis
715 3803 770 3863 per
798 3805 836 3845 aa
858 3785 1092 3867 adipiscendae,
1123 3785 1170 3844 his
1204 3785 1298 3864 adde,

370 4042 387 4094 fi
407 3970 483 4094 t)·lp
503 3973 545 4026 ed.
565 3975 634 4030 1521
649 3979 683 4027 et
699 3976 728 4025 in
741 3973 898 4031 ediciam:
919 3990 992 4028 vere,
1029 3973 1058 4039 2)
1079 3973 1109 4027 ln
1131 3971 1197 4025 edit·
1218 3973 1299 4028 1521:

389 4059 464 4110 nguu
479 4083 485 4097 .
