3159 4792
707 506 742 566 s
759 506 821 565 aas.
1070 468 1073 481 ’
1173 503 1236 575 am

318 693 434 756 similes
455 695 549 757 faeiat
567 697 681 758 sanetis
702 696 822 777 angelis
844 702 875 757 et
895 695 965 758 filiis
983 696 1041 757 Dei
1066 692 1233 757 aseenden-

318 778 399 839 tibus
419 780 452 838 in
475 779 606 843 eoelum.

381 864 430 925 12.
453 862 540 925 Haeo
560 870 609 923 est
638 868 740 923 autem
773 861 851 923 fides
872 862 1097 944 apprehensiva
1119 860 1172 944 (ut
1193 862 1235 922 di-

318 944 436 1021 dimus)
460 946 592 1023 Christl,
627 964 682 1026 pro
705 946 840 1025 peoeatis
863 948 975 1007 uostris
996 947 1168 1025 morientis,
1205 954 1236 1007 et

319 1046 376 1108 pro
400 1029 514 1089 iustitia
536 1036 642 1096 nostra
662 1030 859 1110 resurgentis.

383 1131 432 1192 13.
455 1129 524 1191 lioo
545 1138 601 1208 est,
624 1148 703 1209 quae
723 1148 785 1190 non
809 1137 926 1190 tentum
950 1129 1055 1191 audiat
1075 1146 1124 1188 res
1147 1148 1166 1189 a
1187 1127 1234 1187 lu-

317 1208 404 1271 daeis
426 1218 457 1272 et
477 1213 587 1286 Pilato,
607 1214 640 1273 iu
662 1212 783 1274 Christo
808 1212 1025 1294 ornoifigend0‚
1047 1218 1161 1293 gestas,
1182 1210 1234 1271 vel

316 1292 355 1353 de
376 1301 556 1376 resurgente
576 1303 724 1357 narratas.
1293 1302 1296 1306 ’

381 1380 431 1440 14.
453 1377 515 1439 Sed
538 1397 616 1459 quae
636 1378 788 1460 intelliget
809 1380 965 1439 caritatem
979 1379 1037 1439 Dei
1050 1379 1158 1453 Patris,
1180 1397 1236 1458 per

316 1460 487 1540 Christum,
520 1482 576 1543 pro
599 1464 657 1523 tuis
678 1464 816 1543 peeoatis
837 1462 997 1538 traditum,
1033 1468 1061 1521 te
1083 1461 1235 1522 redimere

316 1551 347 1604 et
369 1545 490 1605 salvare
510 1545 676 1607 volentem.
1221 1571 1225 1579 ¹

379 1628 427 1691 15.
450 1628 538 1689 Hane
558 1628 651 1689 fidem
669 1628 781 1690 Paulus
804 1626 970 1707 praedicat,
994 1646 1083 1707 quam
1106 1626 1235 1707 Spiritus

316 1717 442 1771 sanetus
464 1712 504 1771 ad
526 1729 635 1773 vooem
658 1713 812 1794 evangelii
832 1713 862 1771 in
883 1711 1025 1773 cordibus
1047 1710 1235 1771 audientium

315 1794 414 1855 donat
435 1800 467 1855 et
486 1804 597 1859 servat

381 1880 428 1942 16.
449 1876 535 1939 Haeo
562 1885 610 1939 est
641 1878 696 1938 illa
714 1877 807 1957 fides,
841 1896 920 1957 quae
951 1896 1023 1938 vere
1044 1876 1144 1937 inlusa
1176 1876 1237 1937 diei

318 1959 428 2126 debpt,
448 1980 508 2021 neo
528 1960 642 2023 viribus
665 1963 776 2022 nostris
800 1962 915 2040 acquiri
941 1958 1037 2043 (siout
1058 1960 1112 2019 illa
1133 1961 1235 2039 aoqui·

315 2045 375 2103 sita
416 2051 529 2123 potest.
666 2090 671 2097 .

381 2130 428 2191 17.
450 2127 542 2187 Fides
563 2127 728 2207 aequisita,¹
750 2146 804 2187 seu
827 2127 1033 2208 sophistarum
1054 2127 1173 2199 infusa,
1196 2124 1236 2186 de

317 2209 439 2270 Christo
464 2210 551 2271 dioit:
584 2210 685 2272 Credo
707 2210 802 2270 filium
826 2211 883 2270 Dei
905 2228 1029 2290 passum
1053 2216 1085 2269 et
1105 2211 1234 2270 resusci-

315 2298 428 2371 tatum,
451 2300 543 2373 atque
563 2294 613 2353 hio
635 2293 755 2355 desiuit.

400 2379 448 2439 18.
471 2376 533 2437 Sed
554 2396 629 2437 vera
649 2377 727 2437 fides
749 2375 837 2436 dicit:
870 2375 971 2437 Credo
994 2374 1117 2455 quidem
1139 2374 1233 2436 filium

319 2458 377 2519 Dei
398 2474 523 2539 passum
558 2466 591 2520 et
624 2461 849 2537 resuscitatum,
884 2461 939 2522 sed
960 2460 1021 2519 hoo
1051 2464 1146 2519 totum
1180 2478 1236 2539 pro

317 2561 383 2620 ms,
406 2561 462 2621 pro
484 2544 620 2624 peeoatis
640 2544 734 2621 meis,
757 2544 796 2604 de
818 2562 878 2623 quo
901 2550 1001 2606 oertus
1022 2560 1098 2603 sum.

380 2628 428 2687 19.
449 2625 507 2686 aas
528 2627 608 2686 euim
631 2646 687 2707 pro
704 2628 799 2688 totius
810 2628 915 2688 mundi
929 2627 1064 2708 peooatis
1087 2631 1235 2702 mortuus,

316 2716 351 2767 at
372 2708 575 2769 certissimum
598 2718 645 2769 est
663 2730 712 2771 me
733 2730 803 2771 esse
826 2718 942 2791 partem
965 2712 1098 2788 aliquam
1121 2708 1236 2787 mundi,

318 2810 393 2871 ergo
416 2792 618 2852 certissimum
642 2800 705 2872 est,
735 2813 791 2873 pro
816 2796 891 2854 meis
914 2813 1037 2874 quoque
1059 2790 1233 2872 peooatisl)

315 2881 470 2934 mortuum
492 2894 570 2937 esse.

378 2959 428 3023 20.
449 2957 540 3019 lidos
561 2959 712 3037 aequisita
739 2958 833 3021 habet
853 2960 944 3019 finem
975 2979 1028 3021 seu
1051 2974 1139 3017 usum
1161 2975 1235 3035 pas-

316 3041 413 3101 sionis
430 3040 541 3101 Christi
562 3041 675 3102 nudam
688 3042 942 3121 speculationem,
965 3042 1041 3103 fides
1056 3058 1130 3099 vera
1142 3038 1236 3099 habet

314 3122 409 3183 linem
434 3130 465 3184 et
497 3144 584 3185 usum
614 3125 768 3205 passionis
791 3126 902 3187 Christi
925 3126 1018 3189 vitam
1041 3131 1072 3184 et
1092 3122 1233 3182 salutem.

378 3208 428 3270 2l.
451 3206 541 3267 Fides
558 3208 707 3287 aequisita
738 3215 800 3269 stat
820 3210 903 3269 velut
922 3209 1010 3290 piger
1033 3226 1154 3268 manum
1177 3204 1233 3265 sub

313 3288 431 3349 assella
451 3289 661 3368 absoondens,
685 3299 716 3352 et
738 3291 825 3352 dioit:
855 3293 917 3353 lsta
938 3292 1013 3353 nihil
1036 3290 1150 3352 adme.

378 3374 428 3434 22.
451 3371 540 3433 Fides
563 3393 636 3434 vera
647 3376 783 3436 extensis
805 3374 937 3436 brachiis
950 3374 1143 3455 amplectitur
1152 3372 1234 3433 laeta

314 3454 409 3514 filium
422 3456 479 3515 Dei
503 3474 559 3540 pro
578 3476 647 3517 sese
660 3456 813 3535 traditum,
836 3464 867 3519 et
879 3456 967 3521 dioit:
989 3458 1125 3519 Dilectus
1148 3475 1233 3515 meus

314 3538 399 3616 mihi,
422 3545 453 3599 et
473 3557 532 3619 ego
550 3539 604 3598 illi.

377 3623 427 3685 23.
450 3620 634 3702 Exemplum
662 3621 750 3682 huius
774 3624 886 3683 Paulus
912 3624 951 3685 ad
975 3622 1101 3685 Galatas
1133 3621 1171 3681 de
1199 3640 1233 3683 se

315 3704 384 3783 ipso
406 3712 560 3784 praestat,
594 3704 717 3765 diosus:
753 3703 812 3781 Qui
835 3708 942 3768 dilexit
963 3727 1027 3785 ms,
1052 3712 1083 3767 et
1110 3704 1234 3765 tradidit

314 3794 414 3847 semet
433 3789 535 3869 ipsum
556 3807 611 3867 pro
635 3808 694 3853 me.

379 3872 429 3933 24.
450 3870 545 3952 Igitur
565 3870 657 3948 illud,
683 3871 742 3933 Pro
766 3891 831 3951 me,
859 3891 914 3932 ssu
934 3872 993 3933 Pro
1015 3871 1104 3933 nobis
1125 3872 1151 3933 si
1171 3890 1233 3933 ore·

387 4036 417 4103 1)
435 4034 471 4089 ln·
485 4035 528 4091 ed.
548 4034 630 4093 15³8:
648 4050 701 4108 pro
710 4039 780 4091 meis
799 4052 911 4106 quoque
928 4038 1048 4107 pateatis
1065 4037 1144 4091 meis.
