3159 4792
379 486 420 554 36
618 488 654 542 ad
671 486 875 559 Aaffosarotem
894 487 1078 545 hamanum

382 675 455 738 mihi
468 675 579 753 ,labem
599 677 779 758 inspuraare
801 674 941 752 oredaru,
970 692 1062 753 quam
1085 673 1168 733 enim
1189 673 1297 751 impru-

380 760 457 822 dens
484 758 542 819 sibi
576 766 624 819 est
643 758 774 837 invidia,
809 765 870 819 tam
899 763 1001 818 astuta
1028 762 1076 819 est
1103 757 1136 815 in
1171 753 1296 815 aliorum

379 842 476 919 mala,
502 849 702 903 veruntamen
729 842 851 903 interim
879 839 1010 903 duetore
1030 840 1153 901 Christo
1181 838 1299 899 mitiore

378 924 454 987 illud
477 922 591 988 dietum
613 926 686 986 volo
708 944 800 985 sensu
824 924 982 1004 aeeipere,
1010 922 1113 985 donee
1133 929 1165 983 te
1187 919 1299 1001 prodas

378 1008 481 1069 latius.

464 1089 537 1164 Quis
560 1099 660 1151 autem
685 1091 739 1152 tibi
761 1108 862 1151 meam
884 1089 1108 1170 supelleetilem
1125 1088 1299 1148 nniversam

382 1174 527 1250 ostendit,
550 1175 592 1233 mi
603 1174 734 1235 Emssr?
756 1172 882 1253 quando
895 1191 985 1237 meas
999 1172 1168 1251 apotheeas
1192 1188 1301 1231 omnes

381 1255 595 1337 perlustrasti?
637 1256 720 1318 Nihil
747 1256 898 1336 reliquum
932 1255 1005 1317 mihi
1034 1262 1096 1332 ast,
1131 1253 1216 1334 quod
1242 1253 1303 1313 hue

380 1340 496 1419 possim
532 1338 694 1401 admoliri?
737 1338 827 1400 Adeo
870 1340 924 1401 tibi
962 1341 1044 1399 visus
1078 1358 1144 1399 sum
1181 1337 1303 1417 Lipsiae

381 1424 485 1483 omnia
507 1420 661 1501 effirdisse,
683 1424 788 1483 omnia
808 1440 968 1501 versasse,
998 1429 1032 1482 ut
1051 1423 1139 1483 iuxta
1161 1420 1303 1482 Salomo—

381 1524 451 1566 nem
474 1506 520 1565 vir
547 1505 600 1566 ille
627 1506 736 1566 stultus
765 1505 891 1584 fusum,
921 1507 973 1585 qui
1000 1503 1129 1565 effundit
1161 1504 1302 1585 spiritum

381 1607 468 1649 sunm
491 1592 599 1650 totum.
642 1589 772 1669 Sapiens
805 1596 907 1650 autem
937 1595 1039 1649 servat
1067 1586 1303 1668 inposterum?

381 1672 429 1732 An
452 1690 514 1733 non
528 1672 641 1733 Eoeius
663 1680 732 1733 tuus
754 1674 857 1752 potius
879 1671 941 1732 hoo
961 1671 1043 1747 feeit,
1065 1677 1149 1732 totos
1172 1677 1305 1749 quatuor
1400 1696 1401 1699 ¹

381 1755 448 1815 dies
470 1755 733 1817 nubesBullarum
757 1774 879 1817 suarum
901 1756 932 1815 in
954 1773 1004 1815 me
1024 1772 1154 1836 urgens,
1171 1754 1220 1813 oui
1243 1770 1303 1833 ego
1402 1763 1403 1783 ¹

380 1840 435 1899 vix
454 1857 517 1900 uno
540 1838 591 1899 die
612 1846 808 1919 oppugnator
828 1838 880 1899 fui.
923 1836 1022 1912 Quam
1051 1839 1143 1899 anxie
1175 1836 1304 1897 anhelas
1403 1817 1405 1879 Ϊ

381 1921 477 1982 Eoeio
499 1928 553 1981 tuo
576 1940 679 1981 areum
695 1921 910 2001 triumphalem
924 1928 1069 2000 statuere,
1092 1927 1123 1981 et
1144 1938 1207 1981 non
1230 1938 1303 1999 pen·

382 2004 459 2064 sitas
480 2011 598 2081 tesam,
621 2023 712 2083 quam
736 2011 766 2065 te
787 2011 819 2065 et
840 2022 889 2065 ars
911 2012 943 2065 et
964 2012 1102 2084 sumptus
1124 2002 1303 2065 destituant.

383 2085 464 2162 Quid
486 2088 511 2147 si
533 2086 655 2167 Lipsiae
676 2090 728 2149 vix
751 2086 908 2149 dimidium
931 2086 1109 2147 effuderim?
1149 2086 1305 2166 Numquid

381 2170 422 2231 ibi
446 2169 485 2230 de
507 2172 670 2232 autoritate
698 2170 898 2233 oonsiliorum
927 2175 1090 2231 traotatum
1119 2169 1186 2231 est?
1219 2190 1305 2229 num·

382 2253 454 2332 quid
476 2262 599 2315 aotuum
616 2253 694 2315 liber
714 2255 745 2315 in
768 2254 850 2315 hano
871 2272 946 2331 rem,
970 2254 1049 2314 siout
1063 2255 1209 2333 oportuit,
1232 2272 1304 2313 exa·

383 2338 515 2397 minatus
537 2337 604 2397 est?
648 2336 728 2413 Quid
750 2337 862 2399 Eoeius
884 2336 1010 2417 protulit
1030 2338 1113 2417 novi,
1136 2337 1219 2417 quod
1240 2354 1304 2397 non

382 2422 496 2500 passim
519 2421 550 2480 in
574 2420 746 2482 Summistis
774 2430 805 2481 et
833 2420 1045 2483 Sententiariis
1072 2422 1165 2482 etiam
1192 2420 1304 2480 initiati

382 2503 563 2584 theologiae
586 2504 712 2585 legunt?
755 2504 842 2565 Haee
869 2504 950 2564 enim
979 2504 1044 2563 eius
1072 2503 1252 2584 prosulcata
1273 2510 1305 2563 et

385 2604 480 2646 exesa
509 2589 570 2647 iarn
592 2586 645 2647 diu
667 2595 850 2668 argumenta
877 2587 953 2647 mihi
981 2587 1181 2648 reddiderunt
1201 2587 1304 2667 dispu-
1333 2626 1335 2634 ι

380 2670 531 2730 tationem
566 2672 717 2749 omnium,
750 2689 827 2750 quas
856 2669 1000 2749 viderim,
1037 2670 1304 2733 molestissimam.

382 2753 524 2833 Denique
546 2753 729 2835 indignabar
744 2753 928 2830 Oarlstadim
950 2760 1012 2815 tam
1025 2754 1137 2815 divites
1150 2761 1181 2815 et
1192 2752 1304 2815 uberes

383 2835 550 2916 proferenti
586 2837 759 2899 solutiones
791 2837 831 2898 ad
864 2837 1082 2917 pulverulenta
1115 2845 1147 2898 et
1173 2837 1306 2897 trivialia

382 2919 464 2980 illius
486 2928 676 3002 argumenta.
698 2922 837 2983 Breviter
858 2940 917 2983 nae
938 2918 1010 2981 affui
1024 2920 1077 2981 ulli
1093 2920 1304 3001 disputationi,

383 3024 403 3064 a
424 3022 484 3083 qua
506 3004 650 3067 libentius
678 3005 821 3084 abierim,
851 3007 902 3084 qui
931 3003 1045 3066 anhelo
1073 3005 1181 3084 spiritu
1210 3002 1305 3065 adve-

383 3105 500 3167 neram,
522 3107 623 3151 novos
645 3090 791 3151 eoelestis
814 3088 947 3149 numinis
970 3106 1081 3149 sueeos
1102 3093 1244 3169 gustare,
1274 3093 1307 3147 et

384 3170 509 3231 lisoium
532 3172 692 3233 vobiscum
716 3171 864 3232 miraoula
885 3169 1020 3233 fauturos
1043 3171 1159 3233 videre.

465 3253 606 3333 Denique
640 3273 695 3314 our
722 3254 801 3315 illud
829 3254 951 3313 unioum
979 3272 1080 3315 meum
1118 3254 1158 3315 de
1184 3253 1305 3315 Nioeno

384 3335 516 3397 eonoilio
538 3344 752 3416 argumentum
774 3339 806 3398 in
828 3336 909 3397 huno
930 3335 1030 3418 diem,
1058 3339 1222 3420 meipsa,
1246 3356 1307 3398 neo

383 3420 477 3481 vestri
519 3418 606 3480 illum
646 3420 785 3483 studiose
828 3421 971 3481 iuvantes
1002 3422 1124 3484 solvere
1153 3421 1306 3502 possunt?

384 3503 515 3580 Quoties
538 3503 591 3563 ille
614 3505 721 3585 garriit
743 3504 782 3565 de
804 3503 946 3585 Graecis,
969 3505 1132 3567 haereticis
1156 3512 1188 3567 et
1208 3506 1307 3567 sohis·

385 3588 521 3664 matieis,
550 3587 611 3650 hoe
635 3588 781 3649 invietum
817 3597 1029 3669 argumentum
1059 3588 1214 3670 elusanus,
1251 3589 1306 3650 sed

384 3689 539 3750 nunquam
563 3671 683 3750 potuit?
727 3671 796 3734 Stat
816 3674 898 3733 enim
921 3674 1074 3754 stabitque
1096 3692 1233 3754 semper,
1255 3674 1307 3734 Ni-

385 3772 481 3815 aenos
513 3754 620 3815 Patres
649 3772 718 3816 oum
746 3756 912 3818 universali
939 3758 1073 3823 eeclesia
1102 3777 1172 3819 esse
1201 3758 1307 3820 haere

384 3838 472 3914 tioos,
494 3838 520 3897 si
542 3838 675 3900 Romani
696 3839 852 3920 pontificis
872 3842 1020 3919 primatus
1042 3844 1082 3901 sit
1102 3843 1178 3903 iuris
1200 3844 1307 3923 divini,

385 3920 435 4000 qui
468 3923 664 3983 eontrarium
690 3931 863 3984 statuerunt
891 3925 1019 3986 artieulo
1057 3924 1307 3989 Constantiensis

385 4004 524 4082 aoncilii,
547 4007 578 4066 in
603 4025 663 4086 quo
686 4009 811 4068 unioum
834 4013 901 4069 erat
921 4007 1002 4069 illius
1025 4008 1134 4088 robur,
1157 4011 1240 4091 qued
1262 4019 1309 4071 ta·
