3159 4792
366 524 410 591 oo
560 515 564 533 ·
636 524 766 596 npnur·
779 524 815 579 u.
833 522 869 580 ιι.
885 524 998 579 uuum

368 721 425 777 cut
457 716 531 777 boni
561 721 616 775 cut
636 694 720 779 meli.
761 712 821 775 iiio
852 714 933 777 enim
962 712 1121 773 evidenter
1141 711 1289 791 inquiat:

322 822 330 828 ·
370 799 402 861 Si
426 806 500 859 ante
521 800 650 879 gretiam
673 816 736 858 non
765 798 824 857 nisi
845 808 955 878 peccat
975 796 1104 856 liberum
1125 792 1290 871 arbitrium,

369 891 443 943 tnnc
472 887 505 942 et
520 880 547 962 ¹)
578 888 681 942 centn
701 881 870 943 Doctorum
904 880 1156 941 scholasticorum
1192 895 1292 937 errare

369 966 522 1045 nequitur,
553 966 585 1024 in
613 983 671 1027 sno
692 982 832 1045 congruo
853 970 941 1043 aotu3
978 970 1041 1024 ctat
1062 964 1143 1024 cuim
1166 960 1289 1021 verbnm

371 1048 462 1109 illud:
502 1048 573 1109 Non
606 1048 665 1108 nisi
687 1047 727 1107 ad
760 1046 951 1129 peccandum
974 1046 1058 1108 valet
1089 1044 1216 1107 liberum
1248 1062 1291 1104 nr

373 1132 493 1194 bitrium
516 1132 583 1192 cine
604 1132 712 1212 gretia.
760 1138 772 1156 ²

452 1214 544 1275 Intuli
566 1233 690 1294 quoque
710 1214 884 1293 verissime,
917 1220 948 1274 te
969 1212 1167 1292 Pelagianum
1189 1210 1294 1271 haere·

371 1299 465 1359 ticnrn
487 1298 583 1358 iniere
603 1315 795 1358 reversurum
818 1294 1055 1377 ingolstadinm,
1089 1295 1146 1355 nini
1175 1294 1292 1354 confec-

371 1401 426 1442 cua
446 1381 557 1442 fuisses
579 1381 662 1441 hanc
682 1380 877 1457 sententium,
899 1378 982 1459 quod
1005 1378 1166 1439 verissime
1187 1377 1293 1437 ritPe·
1410 1452 1411 1455 Ἴ

371 1466 546 1545 legionum,
584 1473 687 1524 aetum
721 1465 789 1525 sine
817 1469 947 1543 peccato
981 1461 1108 1523 liberum
1136 1460 1293 1522 arbitrium

370 1548 446 1609 dore
482 1554 555 1608 unte
594 1547 741 1627 mudum,
783 1553 817 1605 nt
847 1546 961 1606 fuciunt
994 1544 1192 1623 Scholastici,
1231 1562 1294 1605 non

371 1630 455 1711 qnod
475 1630 549 1691 ideo
570 1631 729 1711 Pelaginni
750 1631 821 1707 sint,
844 1631 922 1690 siout
943 1628 1107 1689 dialectica
1129 1634 1181 1687 tuu
1203 1626 1295 1688 solita

370 1714 458 1775 ducis
470 1715 720 1794 consequentias,
730 1714 813 1796 'quia
823 1732 886 1773 non
899 1712 1095 1793 pertinaciter
1107 1716 1297 1787 erraverunt,

370 1800 451 1858 siout
471 1805 503 1858 tu
525 1798 627 1858 iuerat
647 1806 816 1875 curaturus,
846 1797 872 1855 ri
905 1796 1016 1856 erroris
1055 1794 1200 1855 defensor
1227 1812 1294 1874 per-

372 1882 549 1941 mansisses.
591 1880 666 1941 ideo
698 1878 906 1939 calendarium
945 1878 1020 1938 illud
1042 1878 1211 1939 Doctorum
1242 1894 1297 1937 seu

370 1963 532 2045 catalogue
565 1968 636 2023 ture
672 1969 720 2023 oct
758 1961 954 2023 acutissimae
991 1961 1173 2033 dialecticae
1213 1960 1297 2021 tusc

372 2048 509 2191 anguium
536 2044 644 2124 fidele,
676 2064 757 2125 quae
784 2062 908 2125 semper
937 2044 1028 2105 letius
1062 2045 1175 2105 clamat
1204 2059 1298 2123 qnam

372 2131 403 2191 vi
426 2138 486 2191 eat.

455 2214 583 2294 luunper
594 2212 670 2273 duxi
691 2210 841 2272 ceoidiaoe
854 2210 1098 2291 theologietriam
1120 2208 1296 2270 carnificem

371 2297 544 2359 demerito
567 2297 711 2377 congrui,
747 2294 786 2355 de
819 2294 920 2355 meere
947 2292 1030 2373 quod
1059 2299 1106 2355 est
1127 2294 1165 2353 in
1181 2311 1230 2376 qe,
1266 2297 1299 2353 et

373 2393 479 2443 cetera
499 2380 563 2440 illic
584 2381 711 2457 concito,
734 2378 806 2457 quia
827 2385 899 2438 ante
910 2377 1039 2459 gratim
1063 2396 1126 2437 non
1148 2376 1206 2435 nisi
1227 2394 1298 2456 pec

375 2472 476 2525 cetum
498 2482 568 2524 este
585 2463 688 2522 dubim
710 2468 786 2540 crat,
810 2468 1084 2541 peccatumcntcm
1105 2458 1145 2519 ad
1167 2462 1298 2540 gratiam

374 2566 547 2629 congruum
566 2564 723 2625 nunquam
744 2564 814 2605 eece
826 2552 926 2623 queat.
959 2544 1058 2605 Belial
1080 2544 1160 2603 enim
1174 2542 1297 2603 Christo

375 2650 438 2691 non
460 2630 617 2711 congruit,
649 2647 708 2689 nec
729 2627 876 2688 tenebrae
897 2628 974 2706 luci3
1007 2628 1080 2707 quin
1102 2628 1206 2707 potius
1227 2640 1298 2705 pcc

373 2720 477 2774 catum
498 2710 659 2796 gratiae²)
683 2710 878 2789 adversatur,
901 2712 1022 2790 omnia,
1043 2711 1184 2789 inquam,
1219 2709 1299 2769 haec

376 2816 448 2857 reru
480 2803 565 2874 aunt,
594 2796 620 2855 ei
642 2793 829 2856 Ocrlotadiue
851 2814 941 2855 veruo
965 2805 1043 2871 eat„
1059 2800 1093 2854 ut
1113 2792 1224 2852 Ennius
1247 2791 1298 2852 de

373 2880 430 2941 dit.
467 2878 557 2955 Quod
580 2880 606 2940 ai
627 2884 675 2957 tu,
705 2880 746 2938 mi
767 2878 859 2957 Ecci,
894 2878 985 2940 aliurn
1006 2876 1102 2938 hobcs
1124 2873 1299 2957 grammati*

374 2982 461 3041 cem,
496 2964 575 3023 siout
603 2981 676 3023 rere
707 2960 799 3022 aliam
831 2980 953 3043 semper
974 2959 1070 3021 habco
1093 2959 1298 3037 dialecticam,

374 3053 410 3108 nt
440 3049 557 3125 victur,
586 3047 698 3124 victor,
726 3047 857 3123 veritus,
885 3064 985 3121 error,
1021 3043 1154 3105 breviter
1188 3062 1237 3105 ree
1267 3048 1301 3103 et

375 3129 528 3192 vocabula
557 3129 611 3190 tibi
641 3128 681 3189 ad
701 3128 848 3208 placitum
871 3146 954 3189 novo
976 3128 1128 3187 Mercurio
1151 3128 1299 3203 serviant,

375 3212 472 3275 deber
500 3210 591 3273 nobie
624 3230 693 3272 cese
728 3211 893 3291 propitius,
930 3229 989 3271 neo
1019 3228 1112 3292 aegre
1139 3210 1235 3287 ferre,
1272 3208 1300 3267 si
1383 3244 1385 3249 ,

376 3303 482 3357 nocua
506 3301 635 3374 utamur,
657 3292 780 3373 quondo
804 3291 1007 3374 permittimus
1031 3301 1062 3355 te
1083 3295 1125 3354 nti
1148 3300 1210 3359 tua.
1252 3292 1301 3354 lta

376 3380 534 3458 hncuaque
554 3378 643 3458 sapui
663 3382 696 3437 et
716 3375 814 3456 sapio.

459 3460 521 3522 bed
543 3461 628 3536 seio,
663 3459 735 3539 quid
763 3459 814 3520 hio
846 3461 973 3541 cogites.
1016 3460 1059 3521 At
1079 3460 1143 3521 noli
1165 3460 1298 3536 interim,

378 3547 418 3606 rni
446 3544 538 3620 licei,
576 3544 692 3623 rumpi,
731 3561 806 3603 mox
835 3543 930 3605 adero
958 3544 1198 3625 cogitationibus
1228 3545 1299 3621 tuis,

376 3629 438 3689 hoo
456 3628 589 3708 'primum
614 3626 784 3706 praetatus,
820 3626 904 3705 quod
935 3634 1038 3689 cetere
1071 3628 1111 3688 dc
1141 3628 1300 3688 activitadc

376 3711 505 3772 liberum
528 3710 683 3772 arbitrium
703 3715 734 3770 et
755 3710 816 3770 alia
838 3710 1004 3789 quaedam,
1041 3712 1072 3771 in
1103 3710 1211 3790 quibua
1233 3717 1299 3771 lun-

377 3802 439 3869 tum
461 3793 637 3865 perdidistis
665 3800 801 3872 tempus,
836 3792 954 3855 leviora
981 3792 1119 3873 iucrunt,
1154 3811 1244 3874 quam
1265 3799 1301 3853 ut

449 3971 481 4039 i)
502 3973 532 4023 ln
557 3972 600 4026 ed.
628 3973 699 4041 orig.
730 3977 759 4024 et
781 3970 825 4024 ed.
846 3972 931 4024 Wilt:
963 3972 1033 4023 rieul
1053 3977 1093 4040 εἰς
1123 3970 1238 4024 noc-hic
1255 3984 1300 4022 uc·

377 4046 431 4097 onli
448 4060 545 4097 eumne
565 4044 607 4099 ed.
623 4044 681 4097 len.
736 4045 767 4109 2)
785 4044 818 4098 ln
835 4043 880 4096 cd,
899 4044 987 4111 oria:
1007 4044 1101 4112 gratia
