3159 4792
360 514 425 583 390
671 512 830 583 Dispuoto
848 512 934 567 1111.
953 511 987 566 L.

444 704 474 769 ll.
504 700 691 765 Ioetllieatur
710 700 838 781 quidem
856 700 950 763 lromo
962 691 1013 762 'ex
1034 700 1198 782 operibor,
1229 700 1289 761 1111

363 787 495 869 gloriam
516 785 611 847 habet
631 804 737 847 eoram
758 785 944 862 homiuibus,
965 802 1030 845 uon
1055 800 1159 845 eoram
1181 785 1262 846 Deo.

446 868 476 933 4„
504 867 688 929 lualifloalur
716 868 839 947 quidem
868 869 963 929 bomo
990 867 1054 928 lide
1080 886 1186 928 eoram
1208 868 1289 943 Deo,

362 954 483 1015 etiamsi
504 952 586 1031 apud
608 953 750 1014 homiues
772 958 804 1011 11
825 953 857 1010 in
879 970 915 1012 aa
924 953 994 1032 ipuo
1006 951 1208 1032 ignominiam
1224 960 1290 1009 ruoz

365 1045 428 1098 tum
450 1035 596 1099 inveniat.

446 1123 476 1183 o.
502 1118 572 1179 Hoo
593 1130 641 1179 111
662 1118 842 1199 mysterium
863 1116 920 1177 Dei
952 1125 1077 1176 uanotoo
1104 1134 1179 1176 suos
1211 1117 1291 1175 miri·

364 1200 502 1277 fluentis,
525 1200 608 1280 quod
631 1220 695 1261 uon
716 1200 818 1261 solum
840 1207 889 1259 eut
907 1200 1010 1279 impiis
1032 1198 1226 1279 impossibile
1245 1202 1291 1259 iu·

364 1283 506 1363 telleotu‚
539 1282 593 1344 aed
629 1286 719 1344 etiam
750 1284 827 1363 ipsiu
859 1283 919 1362 piis
948 1283 1092 1343 mirabile
1110 1290 1142 1342 et
1164 1282 1292 1343 diffieile

366 1366 493 1428 creditu.

448 1452 477 1514 6.
498 1448 615 1511 Natura
638 1451 719 1510 euim
743 1449 819 1511 vitio
840 1448 1000 1528 originalis
1013 1442 1293 1528 peooati‘eorruptu

365 1538 396 1594 11
418 1540 586 1593 exoaeeata
608 1552 669 1593 non
694 1538 797 1611 potest
820 1530 899 1592 ultra
922 1537 954 1592 11
974 1548 1068 1611 aupra
1089 1532 1291 1612 oporaollam

367 1615 616 1677 iustilioatlonom
638 1616 801 1695 imaginari
823 1621 877 1674 aat
898 1616 1073 1694 oouoipore.

451 1704 479 1763 7.
502 1698 581 1759 Hine
600 1697 654 1758 illa
676 1718 781 1779 pugna
807 1698 1037 1778 hypocritarum
1058 1704 1168 1758 eontra
1183 1697 1295 1759 11111111

367 1782 406 1843 de
428 1780 661 1859 iustifimtiooe,
692 1780 805 1841 nullius
833 1782 893 1839 nisi
913 1780 971 1840 Dei
993 1781 1092 1841 aoliuo
1111 1780 1227 1841 iudioio
1251 1782 1294 1841 di

368 1864 518 1925 timenda.
935 1882 938 1886 ·

450 1950 477 2012 8.
502 1946 710 2009 concedimus
730 1949 834 2028 itaque
848 1948 1017 2029 hypoorilia
1029 1964 1084 2006 sou
1097 1946 1295 2027 philosophie

369 2049 467 2110 opero
486 2036 519 2090 ot
541 2028 790 2090 iustilioationom
802 2030 892 2111 logis,
913 2029 1009 2091 modo
1021 2031 1211 2090 retineamus
1224 2048 1294 2090 eom

366 2113 513 2177 iustitiam
536 2130 606 2175 1111
628 2112 798 2193 hominum,
820 2132 882 2175 non
904 2114 973 2174 Dei.

432 2193 461 2261 9.
485 2196 602 2257 lustitia
624 2214 697 2256 vero
721 2196 865 2275 hominio,
887 2204 922 2257 ut
942 2214 1011 2257 eom
1033 2196 1118 2255 Deua
1140 2202 1296 2277 tempora

370 2278 441 2341 liter
462 2278 597 2341 honoret
618 2278 707 2339 donis
728 2281 856 2360 optimis
877 2279 968 2340 huius
990 2280 1087 2356 vitae,
1116 2285 1221 2339 tamen
1244 2299 1297 2339 oo·

369 2382 433 2425 ram
456 2362 524 2423 Deo
547 2362 634 2423 larva
657 2370 704 2423 est
726 2370 756 2423 11
777 2363 951 2443 hypoorieis
973 2363 1077 2443 impia.

431 2447 479 2510 10.
507 2444 548 2505 Et
569 2447 676 2507 mirum
700 2451 747 2506 est
766 2446 944 2526 problema,
974 2445 1057 2525 quod
1080 2444 1169 2505 Deua
1196 2462 1297 2505 remu·

368 2534 456 2669 nerlet
476 2528 640 2606 iustitiam,
673 2547 764 2607 quam
796 2531 864 2609 ipse
891 2535 1016 2610 reputet
1042 2528 1236 2609 iniquitatem
1267 2535 1300 2589 et

369 2630 419 2671 ma
432 2610 528 2669 itiam.
892 2631 896 2640 ·
1218 2648 1221 2651 -

430 2695 478 2754 ll.
507 2692 625 2773 Aperte
654 2694 735 2753 enim
764 2696 796 2753 in
825 2692 986 2775 prophetis
1014 2694 1128 2754 malum
1152 2711 1300 2753 manuum

368 2783 542 2835 nostrarum
566 2776 704 2856 appellat
726 2796 823 2857 opera
844 2776 1016 2837 seeundum
1047 2778 1148 2859 legem
1182 2785 1213 2837 et
1243 2796 1299 2838 no-

369 2864 461 2919 stram
485 2860 638 2919 rationem
661 2859 875 2938 pulcherrimo.

432 2943 481 3004 12.
508 2940 614 3003 Simile
637 2942 770 3024 videtur,
802 2961 840 3004 ao
869 2943 984 3022 siquis
1012 2944 1158 3024 princeps
1181 2943 1297 3003 malum

368 3042 490 3083 servum
514 3024 649 3101 1111111,’
676 3044 766 3103 quem
800 3026 868 3086 eine
899 3026 1016 3086 maiore
1045 3026 1183 3105 periculo
1207 3028 1298 3109 regni

368 3124 431 3167 oon
453 3108 555 3186 possit
575 3106 726 3169 oooidere.

432 3191 480 3253 13.
510 3188 605 3270 Igitur
634 3208 695 3251 nou
721 3198 768 3251 111
790 3190 1018 3271 reopioiondum
1041 3191 1205 3271 nequead
1228 3212 1297 3271 per-

368 3291 477 3343 sonam
493 3273 597 3353 impii,
620 3275 671 3351 qui
692 3275 839 3336 iustitiam
860 3281 1018 3355 operatur,
1040 3294 1142 3355 neque
1164 3275 1205 3335 ad
1228 3275 1294 3355 pul·

368 3349 570 3417 ebrit-udinem
595 3356 664 3417 tolio
689 3358 801 3437 operis.

432 3440 479 3500 14.
510 3436 571 3499 Sed
603 3438 641 3499 ad
666 3438 1014 3521 'incomprehensibilem
1046 3438 1244 3501 tolerantiam
1267 3448 1299 3502 11

367 3521 550 3601 sapientiam
573 3520 647 3600 Dei,
681 3524 780 3583 minus
804 3524 918 3606 malum
940 3523 1083 3600 ferentis,
1113 3542 1155 3583 no
1175 3525 1296 3585 maiora

369 3602 450 3663 molo
475 3604 579 3665 omnia
602 3601 828 3670 subvertantur.

329 3718 335 3723 ·
432 3686 480 3751 15.
504 3685 589 3747 Siout
610 3690 743 3767 vomica,
765 3685 969 3769 claudicatio,
992 3696 1045 3749 eut
1066 3687 1144 3748 alius
1168 3687 1296 3757 morbus

349 3788 395 3860 'n
427 3787 558 3849 corpore
586 3771 767 3833 insanabilis
797 3770 961 3851 toleratur,
993 3772 1180 3831 necessitate
1213 3771 1297 3833 vitae

368 3851 538 3928 corporalis
561 3851 723 3914 fovendae.

427 3930 478 3997 16.
506 3934 563 3995 Est
594 3936 676 3997 enim
709 3937 786 4019 logis
813 3938 929 3998 iustitia
956 3936 1103 3999 morbosa
1135 3931 1231 3997 valde
1265 3944 1297 3997 ot

366 4010 457 4072 iadeo
479 4014 650 4095 imbecillis,
671 4025 705 4079 ut
728 4038 822 4099 saepe
843 4040 930 4082 suam
952 4020 1053 4101 legem
1069 4019 1220 4101 optimam
1231 4040 1299 4084 non
