3159 4792
568 524 602 577 ds
618 525 748 580 libertate
764 523 923 578 misma.
1135 520 1198 588 253

270 711 349 788 vari,
379 717 414 770 ει
431 713 598 791 'unicuique
620 728 732 791 corpus
753 731 842 772 suum
865 710 980 771 eisdem
1008 709 1115 772 studiis
1150 729 1197 771 cs-

269 793 448 873 stigandum
470 796 528 872 sit,
567 794 746 875 prudentem
771 801 803 855 et
823 793 945 855 lidclem
977 801 1099 873 oportet
1129 812 1198 854 csse

269 877 444 936 ministrum
470 877 595 956 Christi,
633 886 666 937 ut
688 880 732 938 sic
753 889 841 959 regat
862 886 893 938 ct
914 877 1027 956 doceat
1049 877 1197 956 populum

268 959 385 1020 Christi
407 961 443 1020 in
460 961 510 1020 his
532 961 689 1037 omnibus,
724 981 763 1020 ne
786 961 975 1022 conscicntia
996 966 1027 1020 ει
1048 958 1124 1020 tides
1147 978 1198 1021 ec-

266 1062 334 1102 rum
359 1041 544 1122 offendatur,
565 1063 605 1104 ne
625 1045 657 1105 in
680 1045 724 1103 ais
747 1045 851 1123 opinio
874 1050 927 1104 aut
947 1042 1035 1102 radix
1056 1043 1198 1103 amaritu-

267 1125 349 1185 dinis
362 1127 490 1202 oriatur,
512 1135 544 1186 ει
563 1128 712 1205 perillam
733 1128 930 1204 inquinentur
952 1125 1047 1202 multi,
1069 1134 1102 1186 ut
1119 1126 1199 1187 'Pau-

194 1206 202 1212 '
269 1208 317 1267 lns
338 1211 540 1287 praemonuit
560 1208 760 1292 Ehraeos*),
782 1209 843 1269 hoc
863 1217 918 1284 est,
942 1227 981 1270 ne
1003 1209 1116 1270 amissa
1137 1209 1198 1270 fida

271 1292 427 1370 incipiant
449 1290 596 1373 opinione
618 1313 746 1371 operum
769 1293 931 1371 inquinari,
953 1293 1040 1370 quasi
1055 1313 1110 1370 per
1132 1294 1199 1372 ipsa

182 1381 183 1384 ’
268 1373 478 1452 iustificandi3
509 1376 592 1454 quod
614 1376 704 1436 facile
743 1374 796 1449 lit,
832 1381 863 1434 ει
881 1375 1028 1454 plurimos
1050 1376 1198 1453 inquinat,

269 1458 328 1516 nisi
351 1456 432 1518 fides
455 1465 633 1518 constanter
663 1459 753 1518 simul
785 1459 962 1518 inculcetur.
1005 1458 1199 1537 Impossibile

270 1549 376 1600 autem
400 1549 448 1600 est
471 1541 611 1624 vitarit),
632 1543 683 1602 ubi
706 1542 799 1600 tacita
814 1539 875 1600 lide
898 1542 1132 1601 constitutiones
1145 1541 1198 1602 ho·

270 1624 388 1683 minum
413 1624 501 1684 solae
523 1624 687 1701 docentur,
725 1624 805 1683 sicut
841 1623 993 1700 hactenus
1015 1623 1128 1682 iactum
1152 1632 1200 1684 est

269 1725 325 1786 par
348 1707 551 1786 pestilentes,
579 1708 709 1786 impias,
742 1706 923 1767 animicidas
945 1704 1123 1786 pontificum
1146 1725 1199 1767 nc·

270 1798 404 1849 atrorum
429 1789 619 1865 traditiones,
642 1798 671 1849 et
694 1789 947 1868 theologistarum
962 1791 1133 1869 opiniones,
1156 1790 1199 1849 in-

273 1871 367 1932 iinilis
390 1873 614 1934 animabuaad
634 1873 749 1932 inferos
770 1871 818 1932 his
836 1872 953 1954 laqueis
975 1874 1144 1952 pertractis,
1167 1881 1200 1934 ut
1286 1903 1297 1912 ⁵

272 1956 488 2016 antichristum
511 1975 681 2036 agnoscere
702 1955 813 2034 possis.

357 2037 395 2098 ln
418 2057 554 2117 summa,
576 2041 656 2099 sicut
676 2046 841 2118 paupertas
862 2039 894 2098 in
917 2037 1045 2119 divitiis,
1069 2037 1200 2100 fidelitas

182 2190 183 2193 Ἴ
271 2121 301 2179 in
325 2122 479 2201 negotiis,
516 2121 669 2182 humilitas
690 2123 721 2181 in
744 2120 929 2199 honoribus,
962 2117 1148 2183 abstinentia
1168 2124 1199 2182 in

272 2203 478 2286 mnviviis2),
512 2206 636 2265 castitas
656 2207 688 2264 in
711 2203 844 2282 deliciis,
875 2206 918 2265 ita
940 2205 1054 2268 iustitia
1075 2204 1147 2266 lidci
1169 2208 1198 2266 in

271 2288 457 2350 ceremoniis
479 2287 676 2368 periclitatur.
722 2287 889 2367 Numquid,
912 2289 955 2348 aii
972 2287 1134 2366 Salomon,
1157 2290 1198 2368 ig-

273 2389 343 2430 nem
367 2371 436 2449 quis
458 2373 490 2432 in
513 2373 581 2431 sinn
603 2381 725 2452 gestare
747 2376 859 2450 potest,
877 2377 911 2430 ut
931 2390 994 2431 non
1018 2370 1196 2432 comburan·

272 2463 319 2513 tur
341 2456 527 2515 vestimenta
549 2455 636 2534 eius?
657 2454 699 2516 Et
719 2462 822 2514 tamma
845 2455 930 2514 utin
952 2453 1074 2532 divitiis,
1095 2456 1125 2514 in
1148 2473 1199 2515 ne-

271 2538 381 2616 gotiis,
415 2538 446 2596 in
468 2537 657 2610 honoribus,
682 2539 714 2597 in
737 2536 870 2615 deliciis,
902 2537 934 2596 in
953 2539 1065 2617 epulis,
1103 2541 1146 2599 ita
1168 2540 1198 2598 in

272 2621 469 2698 ceremoniis,
492 2620 522 2680 id
545 2628 601 2699 est,
623 2622 655 2681 in
673 2620 817 2700 periculis
840 2621 955 2680 versari
969 2628 1100 2700 oportet.
1123 2622 1198 2699 lmo,

272 2705 352 2762 sicut
372 2703 539 2763 infantibus
560 2707 662 2783 pueris
684 2705 819 2764 marium
842 2722 925 2784 opus,
943 2711 990 2764 cst
1011 2703 1107 2764 foveri
1131 2706 1199 2764 sinn

273 2794 303 2845 et
325 2784 432 2846 cilicio
455 2787 641 2865 puellarum,
663 2808 703 2847 na
726 2793 870 2867 pareant,
893 2787 1001 2865 quibus
1024 2794 1125 2847 tamen
1148 2787 1199 2848 ad-

272 2868 343 2930 ultis
365 2870 533 2949 periculum
556 2870 662 2930 salutis
685 2880 732 2931 est
753 2872 834 2930 inter
855 2870 972 2949 puellas
996 2870 1127 2930 versari:
1157 2872 1200 2930 ita

274 2951 402 3012 rudibus
425 2959 457 3012 et
479 2954 625 3014 ferventis
646 2955 756 3014 aetatis
776 2952 952 3014 hominibus
975 2970 1052 3030 opus
1077 2959 1139 3028 est,
1167 2961 1200 3012 ut

275 3037 520 3095 ceremoniarum
543 3035 683 3098 claustris
717 3038 809 3096 etiam
848 3035 955 3096 ferreis
987 3041 1148 3096 teneantur
1169 3041 1208 3094 st.
1250 3077 1253 3082 ,

274 3120 478 3198 castigentur,
511 3139 549 3178 ne
571 3121 725 3198 impotens
757 3137 863 3179 eorum
897 3119 1017 3177 animus
1044 3136 1100 3197 per
1126 3118 1200 3177 vitia

274 3220 424 3280 praeceps
447 3210 511 3277 eat,
536 3210 690 3263 ettamen
714 3221 796 3262 mors
814 3203 857 3261 eis
880 3202 978 3277 fucrit,
1002 3202 1026 3260 si
1049 3203 1079 3260 in
1103 3201 1200 3281 opini-

276 3283 378 3359 one³)
408 3285 635 3346 iustificationis
668 3289 699 3344 in
733 3287 778 3346 eis
812 3285 1092 3364 perseveraverint,
1131 3304 1198 3345 cum

276 3365 408 3427 docendi
430 3369 533 3447 potius
556 3369 626 3446 sint,
650 3388 711 3429 non
735 3369 808 3429 idco
830 3367 968 3428 sciuisse
990 3365 1076 3450 sint)
1103 3370 1199 3428 incar·

275 3457 408 3525 ceratos,
431 3457 465 3509 ut
486 3470 542 3530 per
561 3452 623 3512 hcc
639 3453 710 3511 iusti
733 3453 794 3512 sint
816 3456 869 3510 aut
892 3451 985 3512 multa
1007 3453 1122 3526 meriti,
1145 3449 1200 3510 sed

275 3551 313 3592 na
326 3533 408 3592 mala
420 3532 567 3612 facerent,
581 3541 613 3594 ει
623 3535 662 3595 ad
674 3535 819 3596 iustitiam
832 3532 904 3594 fidei
915 3533 1033 3595 facilius
1048 3534 1201 3594 erudiren-

275 3624 337 3694 tur,
360 3616 451 3758 f(quod
473 3635 547 3696 praa
568 3618 685 3697 impetu
709 3619 836 3695 aetatis,
871 3619 928 3678 nisi
956 3615 1201 3700 memoraturi),

276 3717 336 3759 non
372 3706 486 3759 errent.

310 3818 341 3886 1)
362 3819 394 3870 ln
414 3820 456 3872 ed.
478 3819 541 3874 1521
571 3819 697 3888 legitur:
725 3819 896 3887 impossibile
927 3820 1006 3871 vitari
1037 3823 1127 3872 autem
1148 3825 1199 3870 est.

275 3889 307 3945 2)
320 3892 349 3941 ln
362 3890 405 3943 ed.
418 3893 502 3959 orig.:
521 3894 664 3944 conviciis.
684 3894 714 3948 3)
732 3891 766 3945 ln
778 3890 905 3944 ed.Jen.:
926 3893 1102 3957 siopinicne.
1120 3889 1153 3958 4)
1169 3889 1200 3942 ln

277 3959 319 4015 ad.
339 3962 425 4099 1:32111
426 3962 549 4088 ριιπῦερῖ
580 3963 657 4020 adeo-
694 3962 780 4031 5)1n
799 3962 863 4016 edit.
884 3963 967 4019 1521:
998 3971 1199 4031 premerentur.
