3159 4792
540 472 649 538 tddttio.
662 430 981 541 aldetrudis»,
1062 508 1065 511 ·
1162 472 1210 541 23

295 682 372 725 runs
397 663 423 723 is
443 664 474 725 in
496 661 708 726 defensionem
729 663 805 741 mei,
827 682 877 723 me
898 682 1024 743 prorsus
1044 682 1109 729 non
1130 664 1211 725 sulu-

294 752 367 823 teto,
388 751 577 827 pugnaturus
601 752 786 825 sedisses,
808 765 887 825 quse
909 748 1020 811 neseis.
1176 764 1180 769 '

367 829 428 891 Sed
456 828 560 891 adhue
586 849 665 911 rogo
695 837 767 910 post
794 828 939 907 vulnero,
972 832 1081 893 senem
1108 828 1211 889 indies

294 931 383 989 nuno,
411 932 491 993 quse
511 912 555 973 illi
576 913 655 974 fuiss
676 912 823 994 dogmate
845 932 915 973 meo
938 915 1062 975 nomino
1084 914 1210 989 metent,

296 1005 325 1055 ot
348 997 456 1075 seiam,
485 1014 578 1076 super
604 995 716 1075 quibus
745 1016 795 1057 me
823 995 989 1073 defendes,
1017 1003 1048 1057 et
1069 1015 1124 1077 pro
1149 1015 1209 1073 quo

294 1085 389 1158 gratus
410 1096 480 1141 esse
502 1078 656 1141 debeam?
699 1078 779 1155 Quid
803 1078 910 1143 tsees?
940 1081 1014 1161 quin
1037 1077 1125 1139 edis?
1146 1098 1209 1141 non

295 1160 374 1223 edis?
415 1162 485 1243 Age
518 1162 733 1225 everberemus
767 1162 817 1223 vel
845 1163 974 1223 invito·
997 1162 1137 1239 Quaero,
1152 1194 1153 1197 κ
1170 1180 1208 1223 on

295 1251 342 1305 tos
361 1245 454 1307 verbe
476 1244 584 1307 eredes
606 1264 676 1306 esse
696 1264 787 1321 vero,
818 1245 869 1306 ubi
898 1245 1022 1323 scribis,
1053 1244 1233 1313 Bobemos=

295 1346 344 1407 pro
368 1346 416 1388 me
443 1328 554 1391 feoisse
581 1328 706 1408 publios
731 1328 799 1389 Deo
829 1328 996 1409 supplicio,
1019 1326 1209 1407 quotidiano-

295 1430 347 1489 que
367 1408 460 1495 (lieet
478 1410 626 1493 prossus)
651 1430 759 1488 soors,
786 1410 859 1471 dum
881 1430 979 1491 nuper
1001 1411 1122 1491 Lipsiae
1145 1430 1207 1471 eer-

296 1495 401 1554 turem?
426 1492 551 1570 (Teoeo
574 1496 665 1571 enim,
688 1513 749 1574 qus
769 1496 869 1575 gustis
890 1495 951 1555 hoe
971 1496 1002 1555 in
1026 1495 1135 1575 vulgus
1158 1514 1209 1555 vo-

277 1576 377 1638 'lueris
407 1572 516 1657 edere,
552 1597 629 1639 noso
664 1596 733 1639 meo
766 1596 829 1639 non
863 1578 908 1638 sio
941 1578 1043 1639 illudis
1077 1566 1211 1655 Rufline,

294 1658 388 1738 sune,
416 1662 483 1721 imo
512 1661 628 1741 niger).
673 1661 769 1741 Vero,
797 1662 939 1739 inquom,
966 1660 1044 1721 hoee
1073 1666 1144 1720 sunt
1170 1672 1230 1721 on¹

294 1742 368 1804 uon?
400 1744 472 1805 Non
495 1743 547 1803 hio
567 1743 742 1821 tacendum,
766 1744 839 1823 quis
861 1742 1006 1805 sacerdos
1029 1744 1156 1803 Domini
1180 1749 1212 1802 et

295 1827 371 1887 testis
390 1846 425 1888 es
449 1828 595 1887 veritotis.
631 1828 713 1887 Vere
733 1846 818 1907 ergo
853 1825 997 1905 Sequitur
1017 1828 1080 1886 iem
1103 1825 1211 1906 prnoul

294 1907 388 1989 dubio,
410 1909 569 1971 Bohemos
582 1910 766 1971 Emserisnn
785 1910 940 1971 sententis
958 1928 1077 1973 meeum
1097 1909 1212 1971 sentire

293 1992 320 2051 ir
339 1991 601 2073 propositionibus
623 1993 744 2074 Lipsiae
770 1994 949 2073 disputetis,
981 1999 1014 2053 ut
1040 1994 1072 2053 in
1101 1990 1211 2071 quibus

295 2095 338 2135 me
363 2076 483 2137 salvum
515 2076 647 2156 publieis
672 2079 769 2137 saeris
796 2078 960 2156 impetrare
981 2077 1053 2137 illos
1075 2076 1211 2141 voluisse

294 2158 406 2238 publiee
429 2157 556 2221 seribss.

367 2243 455 2304 Haeo
476 2250 548 2303 suut
567 2243 660 2323 igitur
682 2242 831 2324 dogmata
858 2242 956 2320 false,
981 2260 1060 2321 quse
1087 2242 1211 2302 nomine

294 2342 357 2385 meo
383 2327 503 2391 ioetont
532 2325 678 2401 Bobemi‚
719 2333 750 2384 et
776 2326 808 2385 in
836 2325 945 2405 quibus
972 2344 1021 2385 me
1048 2331 1210 2403 patronum

294 2407 465 2487 glorientur.
521 2405 718 2490 Hubeone¹)
760 2408 958 2488 Aegocerote
998 2414 1135 2469 nostrum
1173 2427 1211 2467 en

296 2492 371 2551 non?
392 2492 454 2554 Ubi
469 2511 553 2553 nuno
566 2498 615 2553 est
632 2510 668 2553 os
680 2492 785 2554 tuum?
808 2509 908 2571 poene
928 2491 1114 2569 effudissem,
1132 2488 1215 2570 quod

295 2593 339 2634 me
359 2574 546 2636 eutholieum
568 2576 708 2635 asseruit.
745 2574 896 2652 Videsne,
925 2592 1017 2653 quem
1039 2572 1215 2654 imprudens

295 2658 330 2717 sit
360 2657 500 2719 invidio?
544 2656 702 2722 Proverbii
729 2658 811 2718 illius
841 2659 1008 2738 scripturus
1037 2657 1215 2729 meminisse

294 2738 439 2804 debebas:
477 2739 608 2820 Oportet
635 2740 817 2802 mendaeem
845 2760 916 2803 esse
945 2759 1131 2815 memorem,
1157 2758 1216 2801 nee

296 2830 338 2883 est
369 2844 432 2903 quo
464 2824 516 2885 hie
537 2823 664 2901 evades,
686 2825 758 2903 quin
781 2826 976 2905 perspicuum
1000 2824 1055 2897 sit,
1085 2830 1150 2883 tete
1183 2822 1214 2883 in

295 2906 383 2968 eorde
411 2924 477 2969 non
504 2926 594 2967 seeus
621 2925 659 2966 se
686 2906 875 2967 hoereticum
903 2906 1018 2967 hebere
1040 2906 1214 2979 Msrdnum,

295 2996 323 3049 et
349 2997 455 3051 tomen
482 3008 536 3051 ore
566 2988 722 3050 confiteris
757 2989 959 3063 estholieum,
990 2989 1075 3048 euius
1113 3006 1215 3047 rursus

296 3070 437 3153 dogmate
459 3072 569 3135 eodem
598 3092 654 3135 ore
687 3071 816 3135 damnas
843 3070 1021 3133 haeretios?
1064 3069 1110 3131 Tu
1140 3087 1215 3149 ergo

296 3156 336 3214 vir
351 3155 405 3217 ille
427 3175 478 3235 es,
500 3156 552 3235 qui
573 3154 657 3236 opud
677 3154 825 3217 Iseobum
848 3175 887 3215 ex
909 3154 1019 3217 eodem
1041 3152 1128 3213 fonte
1152 3171 1214 3214 ms·

296 3246 345 3299 nst
362 3255 500 3301 smmum
521 3246 554 3300 et
577 3238 676 3300 dulce.
718 3237 827 3320 Neque
855 3240 936 3301 enim
967 3235 1137 3299 verisimile
1158 3241 1215 3313 est,

297 3326 352 3382 mm
381 3322 497 3383 deliros
524 3341 594 3382 esse
616 3321 787 3401 Bouemos,
816 3328 849 3383 ut
879 3341 934 3402 pro
964 3340 1014 3383 me
1042 3340 1130 3383 orere
1161 3338 1214 3384 vo·

297 3401 403 3466 luerint
428 3405 462 3466 in
488 3405 579 3466 aliem
610 3423 746 3483 oensem,
772 3406 833 3465 nisi
860 3424 951 3485 qusm
974 3414 1047 3467 tuno
1076 3402 1216 3484 egebam,

297 3502 351 3547 nee
371 3495 403 3548 tu
425 3487 465 3550 de
486 3488 547 3549 olis
568 3488 723 3567 loqueris,
744 3507 846 3567 neque
869 3495 957 3549 erent
981 3495 1041 3547 tsm
1065 3486 1216 3547 obscurae

297 3571 521 3650 propositiones
543 3590 649 3649 meae,
675 3577 708 3631 ut
728 3572 828 3652 poteri
857 3573 956 3651 possit
976 3590 1081 3631 *esrum
1100 3574 1214 3629 ‘seusus

299 3652 340 3713 eis
360 3672 422 3715 non
442 3654 537 3718 fuisse
558 3653 750 3731 intellectos,
780 3654 904 3733 qusndo
928 3673 982 3715 eos
1006 3653 1107 3735 potuit
1128 3650 1215 3713 intel-

299 3732 390 3815 tigere
410 3742 513 3798 vester
532 3736 668 3798 Itnbeus⁴
1249 3798 1254 3807 ,

375 3818 519 3897 Proinde,
541 3821 581 3881 mi
602 3817 742 3897 Rudiae,
769 3819 802 3881 id
829 3818 911 3899 quod
935 3816 1095 3900 eogitebss
1120 3823 1151 3877 et
1172 3817 1216 3879 iu-

371 4010 452 4070 1t1n
472 4009 515 4063 ed.
535 4010 619 4078 brige
642 4008 765 4065 Hsbson.
