3159 4792
559 515 657 566 eontra
673 524 784 563 encres
803 506 837 561 u.
858 504 937 561 Latis.
1147 480 1232 567 ’Μ’

229 745 232 749 -
285 696 466 776 enneadis,
489 696 666 774 Mutinam,
700 712 871 775 omnesque
892 700 924 756 et
944 692 1083 775 singulos
1106 708 1211 773 supra-

287 781 407 859 dietoa,
429 782 481 860 qui
502 780 610 860 elapso
631 781 761 841 termino
783 778 959 840 huiusmodi
982 775 1134 837 mandatis
1157 794 1210 837 seu

286 865 417 925 monitis
438 864 553 924 nostris
574 881 637 923 nou
660 864 836 942 paruerint,
871 863 903 923 in
926 880 1030 921 eorum
1062 859 1212 933 ecelesiis,

286 947 452 1008 dominicis
475 953 506 1007 ei
525 945 594 1007 aliis
615 945 733 1007 festivis
761 946 884 1020 diebus,
918 945 990 1003 dum
1010 942 1086 1004 inibi
1115 943 1214 1002 maior

285 1027 399 1111 populi
421 1027 584 1089 multitudo
617 1028 658 1088 ad
683 1028 788 1090 diviua
810 1029 1004 1103 convenerit,
1039 1026 1212 1087 declaratos

286 1112 465 1174 haereticos
487 1118 519 1172 st
539 1110 762 1173 condemnatos
774 1112 897 1193 publice
911 1112 1067 1192 nuncient,
1087 1106 1213 1169 iaciant-

287 1216 349 1276 que
372 1200 406 1256 et
439 1193 586 1256 mandent
606 1194 645 1255 ab
667 1196 735 1256 aliis
756 1197 911 1269 nunciari,
945 1202 977 1255 et
999 1194 1038 1255 ab
1071 1190 1213 1259 omuibus

287 1279 405 1341 arodus
426 1278 545 1356 evitari,
566 1296 625 1338 nec
647 1298 711 1339 uon
733 1279 875 1340 omnibus
896 1275 1159 1352 Obsistifldelibus,
1176 1280 1215 1334 ‘ut

288 1381 344 1423 eos
369 1362 487 1422 evitent
509 1362 574 1442 pari
598 1361 708 1441 modo,
739 1363 795 1424 sub
824 1361 988 1442 praedictis
1018 1360 1154 1420 censuris
1184 1359 1215 1418 et

288 1446 421 1527 poenis:
464 1450 496 1505 et
525 1451 705 1524 praesentes
740 1445 864 1522 literas,
900 1444 947 1503 vei
980 1462 1083 1503 esrum
1118 1448 1215 1501 trans-

289 1534 446 1608 sumptum
469 1526 526 1587 sub
548 1527 648 1589 iorma
667 1528 747 1589 inira
768 1525 883 1608 scripta
903 1528 1017 1587 factum
1053 1527 1084 1584 iu
1107 1543 1213 1584 eorum

290 1611 451 1688 ecclesiis,
485 1612 698 1685 monasteriis,
731 1612 890 1687 domibus,
926 1608 1144 1685 conventibus,
1184 1612 1216 1666 ei

290 1695 361 1754 aliis
382 1694 461 1754 locis
483 1694 561 1774 legi,
582 1694 745 1774 publicari,
769 1703 862 1775 atque
883 1692 966 1773 affigi
988 1693 1112 1753 iaciant.

374 1775 412 1860 a)
440 1775 521 1836 Nihil
540 1776 615 1837 iacit
636 1777 735 1856 aliud,
760 1797 851 1858 quem
875 1776 1016 1852 mandat,
1038 1773 1137 1849 iubet,
1159 1774 1214 1833 irn-

333 1866 438 1940 perat,
464 1858 618 1938 decernit,
647 1868 747 1936 vetat,
770 1860 906 1939 inhibet,
933 1867 1041 1935 terret,
1074 1858 1216 1931 minatur,

333 1943 476 2003 nimirum
495 1942 718 2022 Imperatorem
747 1942 882 2005 ostendit
911 1960 956 2005 se.
998 1942 1111 2001 Verum
1140 1939 1216 1999 heus

335 2033 379 2102 tu,
402 2024 477 2102 Leo,
499 2044 539 2085 ue
560 2026 702 2106 superbi,
723 2028 806 2088 Deus
830 2029 910 2087 enirn
932 2024 1070 2107 superbis
1093 2023 1215 2099 resistit,

332 2107 502 2168 humilibus
524 2114 626 2169 autem
648 2110 700 2171 det
721 2112 861 2191 gratiam.

375 2191 688 2253 Excommunieauins
702 2191 736 2274 a)
772 2212 898 2274 quoque
928 2198 959 2251 et
981 2190 1217 2252 anathematiza·

292 2294 361 2335 mus
385 2292 495 2334 omnes
524 2281 556 2335 et
583 2275 738 2356 singulos,
772 2277 979 2353 cuiuscunque
1002 2280 1114 2351 status,
1150 2290 1216 2351 gro-

204 2386 218 2411 t
292 2357 366 2434 dus,
390 2355 586 2435 conditionis,
607 2359 879 2438 praeeminentiae,
902 2357 1067 2437 dignitatis,
1091 2361 1144 2415 aut
1165 2374 1216 2413 ex·

237 2490 249 2514 ,
292 2440 458 2501 cellentiae
479 2440 609 2519 fuerim,
633 2442 701 2520 qui,
723 2444 886 2521 quominus
908 2447 1087 2521 praesentes
1109 2439 1217 2499 literas

292 2524 343 2584 vei
365 2542 471 2583 aarum
492 2528 714 2604 transsumpta,
737 2526 863 2605 copiae,
886 2542 940 2584 seu
963 2522 1162 2603 exemplaria,
1183 2523 1216 2580 iu

292 2607 356 2666 suis
378 2607 467 2665 terris
488 2612 521 2665 et
540 2605 684 2667 dominiis
706 2607 784 2688 legi,
817 2606 900 2688 affigi
924 2615 955 2667 et
976 2606 1123 2687 publicari
1146 2622 1216 2685 pos·

293 2691 364 2766 sint,
386 2688 525 2765 iecerint,
548 2688 600 2749 vel
621 2708 747 2769 quoquo
771 2691 864 2751 modo
887 2691 1139 2769 procuraverint,
1165 2706 1218 2767 per

294 2792 328 2832 se
350 2770 402 2830 vel
423 2770 515 2830 aliurn
539 2790 594 2833 seu
615 2773 709 2851 aiios,
732 2774 854 2853 publice
876 2775 925 2834 vel
949 2774 1081 2849 occulte,
1104 2773 1218 2832 directe

293 2854 345 2916 vei
365 2853 533 2930 indirecte,
560 2856 653 2916 tacite
674 2856 724 2916 vei
746 2876 903 2936 expresse.

333 2944 369 3006 a)
394 2934 533 2997 Tandem
561 2936 601 2997 ad
635 2938 775 2999 ultimum
808 2939 913 3001 evadit
947 2938 1074 2997 leonina
1101 2937 1217 3012 feritas,

333 3018 402 3095 ubi,
442 3021 467 3078 si
489 3021 520 3079 iu
542 3020 603 3081 isto
635 3024 820 3083 musicorum
850 3028 971 3083 tuorum
993 3020 1121 3099 strepitu
1144 3020 1219 3079 licet

332 3101 442 3163 audire
463 3102 529 3179 tibi,
551 3102 625 3181 Leo,
647 3106 726 3165 scire
748 3106 851 3185 cupio,
874 3108 934 3184 qua
949 3102 1136 3164 confidentia
1156 3101 1218 3161 hoc

333 3204 420 3265 agas.
463 3184 598 3246 Putasne
631 3190 662 3247 iu
695 3195 749 3249 tua
777 3206 847 3248 esse
869 3192 1024 3267 potestate
1046 3184 1218 3246 interficere

332 3268 470 3345 animas,
493 3287 572 3346 quae
595 3289 657 3330 non
679 3272 865 3347 moriuntur,
893 3278 925 3331 et
947 3268 1116 3344 vivificare,
1139 3284 1218 3345 quae

334 3369 398 3410 non
421 3350 552 3410 vivunt?
585 3350 688 3426 Quare
719 3360 822 3414 autern
855 3354 992 3414 mentiris
1020 3352 1136 3432 populo
1161 3351 1217 3409 Dei

333 3431 474 3493 credenti
497 3433 688 3497 mendaciis?
718 3436 768 3497 An
790 3437 878 3497 nefas
902 3442 985 3497 esset
1005 3435 1082 3511 hoo,
1107 3436 1132 3493 si
1155 3452 1238 3493 non=

331 3515 434 3576 solum
456 3515 639 3578 sceleratam
663 3520 744 3579 hanc
764 3539 784 3579 s
805 3519 896 3580 nobis
915 3517 1034 3579 Batiam
1057 3522 1089 3578 et
1110 3534 1218 3577 omnes

332 3598 406 3659 huic
428 3597 544 3659 similes
565 3600 685 3663 fortitu
705 3602 905 3662 arceremus?
935 3601 989 3661 sed
1012 3607 1044 3660 et
1060 3600 1145 3679 ipsos
1168 3616 1217 3659 oc·

332 3680 507 3741 cideremus
528 3683 652 3761 publice
674 3685 831 3745 bullarum
856 3682 1037 3764 caupones?

374 3763 608 3846 Postremus),
654 3768 727 3846 quia
759 3766 884 3828 difficile
926 3768 1005 3827 foret
1039 3769 1218 3844 praesentes

290 3848 396 3909 literas
426 3845 465 3906 ad
495 3847 617 3927 singula
638 3869 778 3929 quaeque
801 3850 871 3911 loca
894 3848 1024 3926 deferri,
1055 3846 1218 3927 inquibus

291 3930 500 3992 necessarium
523 3929 613 4010 ieret,
635 3933 788 4009 volumus,
811 3939 843 3992 et
859 3932 1033 4013 apostoliea
1055 3930 1219 3991 autoritate

292 4012 499 4094 decunimus,
520 4014 604 4093 quod
624 4034 729 4079 earum
752 4016 967 4096 transsumptis
989 4032 1082 4078 manu
1103 4012 1218 4095 publici
