3159 4792
554 512 638 567 super
656 499 862 569 expurgatione
879 498 1007 554 hadasa.
1169 496 1212 567 53

277 681 446 744 laboriose
466 681 653 763 disputasti?
686 683 755 766 ligo
788 702 864 747 vero
899 690 930 748 te
963 684 1056 749 laudo
1084 686 1214 767 pruden-

301 765 440 825 tissimum
463 766 703 847 disputatorem,
738 769 789 848 qui
817 770 1002 831 tutissimam
1029 768 1085 831 tibi
1113 770 1213 851 dispu-

300 848 377 921 tandi
397 850 548 911 rationem
575 852 745 929 inveneris,
779 852 861 913 etin
884 852 1005 919 Christo
1036 854 1212 933 quaerendo

300 930 500 995 illencbistam
529 933 745 1012 Aristotelem,
788 936 926 997 sincerus
960 937 1112 997 sincerum
1147 938 1212 997 imi-

300 1016 379 1093 taris,
412 1025 599 1097 apertusque
621 1025 779 1098 apertum,
814 1024 847 1079 ut
868 1018 1008 1081 alienatis
1041 1040 1060 1081 a
1087 1022 1214 1101 propria

299 1098 517 1179 significatione
538 1100 639 1162 verbis
664 1103 762 1182 (quae
784 1108 832 1163 est
855 1116 975 1163 summa
996 1102 1076 1164 illius
1100 1110 1131 1164 et
1152 1123 1213 1165 una

298 1182 402 1255 virtus)
428 1190 536 1245 contra
558 1184 736 1245 Chimaeras
758 1204 888 1267 pugnes,
911 1205 992 1265 quae
1012 1187 1136 1248 referire
1158 1184 1211 1249 ne·

298 1274 420 1348 queant,
457 1268 578 1328 interim
601 1274 706 1349 aperte
735 1270 933 1331 consentiens
955 1270 1076 1332 illorum
1100 1270 1212 1350 verbis,

298 1367 358 1409 cum
389 1350 501 1431 quibus
530 1350 677 1432 disputas.
722 1350 803 1427 Quid
831 1352 938 1431 refert,
955 1423 959 1435 1
974 1353 1056 1415 domi
1090 1353 1211 1433 sedeas,

296 1433 449 1515 triumphis
483 1441 514 1495 et
557 1435 680 1495 coronis
710 1440 741 1495 te
770 1434 898 1517 obruas,
937 1436 976 1499 de
1006 1436 1098 1497 larvis
1126 1457 1146 1498 a
1179 1441 1211 1499 te

295 1513 367 1577 fictis
389 1523 422 1577 et
443 1518 540 1579 victis.

369 1600 440 1663 Hoc
461 1602 564 1681 potius
586 1599 816 1681 disputabatur,
840 1621 879 1662 an
902 1601 1030 1663 liberum
1052 1598 1209 1663 arbitrium

294 1688 361 1743 aute
381 1685 513 1765 gratiam
536 1703 597 1745 non
623 1684 724 1744 solum
747 1703 810 1745 non
840 1692 1016 1759 mereretur,
1039 1684 1093 1745 sed
1117 1687 1209 1747 etiarn

294 1774 434 1845 peccaret
455 1772 487 1830 et
508 1768 660 1847 iniquitati
682 1768 912 1847 propinquaret,
935 1767 1006 1829 dum
1030 1769 1144 1829 actioni
1165 1768 1213 1835 in-,

293 1850 395 1926 tendit,
418 1857 453 1911 ut
473 1857 545 1912 sunt
566 1850 650 1911 clara
672 1848 767 1911 verba
780 1850 951 1914 Carlstadii.
996 1850 1083 1927 Quae
1105 1853 1131 1913 si
1154 1871 1210 1913 no-

293 1930 369 1993 luisti
389 1935 583 2015 impugnare,
607 1952 660 1994 cur
682 1932 841 1995 obtulisti?
873 1954 927 1995 cur
955 1936 980 1995 si
1008 1934 1087 1996 salsa
1114 1944 1211 2013 erant,

293 2018 492 2079 concessisti?
514 2037 568 2078 cur
589 2036 652 2078 non
674 2015 783 2082 saltem
806 2037 910 2079 coram
933 2018 1096 2097 mutivisti,
1124 2038 1210 2100 prae-

291 2106 373 2161 sente
396 2101 507 2180 puerili
529 2100 583 2162 illo
598 2099 782 2176 Carlstadio,
806 2108 890 2161 tuum
912 2121 976 2162 non
988 2102 1134 2163 meritorii
1157 2121 1210 2163 vo·

291 2181 444 2261 sabulum,
477 2204 568 2265 quem
596 2182 755 2245 absentem
791 2204 831 2245 ex
851 2182 1043 2265 Ingolstadio
1067 2184 1210 2246 heroicus

291 2272 318 2325 et
344 2273 471 2347 apertus
504 2268 550 2327 vir
577 2266 656 2327 adeo
687 2268 921 2347 contempsisti?
963 2266 1053 2329 Nunc
1087 2266 1209 2329 demum

292 2354 360 2411 nata
383 2356 432 2411 est
451 2350 559 2433 glossa
579 2355 641 2428 tua,
665 2350 890 2430 quaeleberis,
903 2348 1003 2431 'quam
1016 2346 1210 2430 Lipsiae,'ne

291 2434 461 2511 capereris,
483 2434 620 2495 sincerus
650 2439 682 2493 et
702 2439 826 2515 apertus
848 2434 958 2511 homo,
981 2435 1072 2495 toties
1095 2434 1210 2514 petitus

292 2514 424 2578 celabas.

367 2599 451 2661 Uror
471 2618 530 2681 ego
553 2599 704 2678 utrimque
734 2599 840 2677 nimis,
873 2606 904 2659 et
930 2598 1079 2661 miserens
1106 2600 1149 2660 tui
1180 2604 1212 2661 et

291 2680 453 2765 indignans
486 2688 558 2742 tuae
588 2681 772 2743 maledictae
804 2682 1008 2760 simulationi,
1042 2682 1149 2745 desine
1177 2686 1209 2742 tu

290 2766 448 2827 veritatem
471 2764 649 2846 theologiae
670 2784 826 2845 quaerere,
849 2764 965 2826 abolita
987 2772 1034 2825 est
1052 2764 1129 2826 fides
1151 2765 1205 2845 tui,

291 2846 328 2907 ad
369 2848 595 2930 sycophantam
629 2854 712 2908 tuum
746 2848 962 2926 Aristotelem,
998 2849 1211 2928 impiissimum

290 2930 365 2992 inter
386 2930 593 3011 philosophos
615 2931 836 3004 simulatorem,
864 2931 943 3007 redi,
974 2932 1025 3010 qui
1054 2950 1210 3011 nunquam

290 3013 317 3073 id
339 3014 441 3076 voluit
463 3014 565 3076 dicere
586 3014 694 3092 videri,
716 3033 796 3094 quae
819 3013 963 3074 dixisset:
994 3014 1140 3093 Magister
1160 3014 1211 3073 hic

290 3105 356 3159 tuus
378 3105 428 3158 est
450 3097 656 3178 dignissimus,
679 3117 698 3159 o
721 3116 771 3157 me
794 3098 948 3172 miserum,
971 3095 1054 3176 quod
1075 3114 1210 3175 unquam

291 3181 360 3241 mihi
384 3182 516 3261 contigit
537 3188 636 3241 tecum
670 3198 740 3241 esse
763 3181 919 3261 quippiam
948 3180 1075 3260 negotii.
1118 3178 1210 3259 Spiri-

291 3269 336 3324 tus
358 3264 542 3344 disciplinae
563 3263 669 3345 effugit
679 3262 848 3342 fictionem,
869 3270 902 3323 ut
921 3262 991 3343 Sap.
1010 3266 1036 3325 l.
1060 3261 1210 3336 scribitur,

292 3349 372 3408 etin
396 3347 601 3430 simplicitate,
622 3348 730 3427 inquit,
752 3346 854 3408 cordis
875 3347 1014 3427 quaerite
1034 3347 1130 3408 illum.

372 3430 455 3507 Quid
476 3436 508 3491 tu
531 3431 664 3506 miraris,
696 3431 862 3511 epistolas,
895 3448 1034 3490 rumores
1056 3436 1087 3491 et
1108 3430 1213 3489 omnia

293 3523 430 3575 monstra
463 3520 569 3574 secuta
602 3512 640 3573 ad
667 3513 748 3574 hanc
780 3512 934 3573 infelicem
963 3513 1211 3593 disputationem,

291 3597 462 3676 quaemihi
485 3596 628 3677 affingis?
648 3597 768 3672 Mirum,
791 3598 816 3656 si
832 3596 996 3675 quidquam
1010 3594 1083 3657 boni
1106 3612 1211 3674 seque-

191 3719 195 3730 ·
293 3688 377 3741 retur
399 3680 439 3740 ad
459 3680 541 3740 hanc
561 3680 736 3741 illusionem
751 3680 880 3759 Spiritus
902 3679 1017 3755 Sancti,
1038 3677 1211 3739 irrisionem

293 3764 439 3842 veritatis,
462 3769 671 3843 contemptum
694 3761 815 3824 Christi.
865 3762 966 3825 Unum
1001 3769 1032 3822 te
1064 3778 1137 3839 oro,
1173 3781 1213 3822 ne

294 3844 438 3927 deinceps
473 3848 517 3923 (si
538 3845 617 3907 diesi
639 3851 762 3926 potest)
793 3864 860 3907 cum
883 3846 1014 3905 Martium
1047 3844 1212 3924 quidquam

292 3929 333 3990 rei
355 3928 488 4007 habeas,
517 3930 658 4010 poenitet
684 3948 735 3989 me
762 3928 936 3991 libellorum
968 3932 1076 3989 contra
1097 3934 1129 3989 te
1151 3927 1212 3987 edi·
1277 4000 1280 4005 ,

295 4017 396 4075 terum
419 4012 605 4096 plusquam
627 4011 745 4093 mas,
766 4030 827 4094 ego
852 4018 938 4075 tanto
959 4010 1088 4092 gravius
1105 4010 1213 4071 illusus
