3159 4792
211 4145 228 4180 h

555 521 652 573 contra
670 533 780 573 errores
799 519 835 572 rt.
853 517 933 574 nuth.
1147 509 1212 580 265
1329 501 1331 504 ’

288 698 417 785 musht)
429 701 569 764 ultimum
587 702 774 788 praesidium
786 708 844 778 est,
868 709 911 783 ut,
934 721 1002 764 oum
1017 700 1213 783 conspiciant

288 804 394 847 causas
415 805 487 847 snas
510 785 688 849 damnatum
708 788 762 866 iri,
784 787 935 868 incipiant
954 788 1036 848 virus
1058 785 1212 866 serpentia

288 869 390 950 lingua
411 868 598 948 diffundere,
633 877 679 947 et,
701 889 770 932 cum
794 889 827 931 aa
850 870 985 948 victori)
1009 869 1212 950 conspiciant,

290 951 326 1014 ad
350 953 558 1015 contumelias
579 953 731 1034 prosilire.
772 953 851 1014 Nam
874 954 947 1015 licet
977 953 1123 1015 haereses
1146 968 1215 1012 assa

294 1033 329 1096 ad
353 1037 610 1098 exercitationem
631 1035 768 1098 fidelium
790 1044 822 1098 tu
846 1035 959 1098 dixeris
979 1043 1139 1117 oportere,
1161 1051 1215 1095 eas

292 1116 446 1197 umeri),
467 1137 508 1180 ne
527 1120 748 1182 incrementum
769 1118 976 1201 accipiantl),
1006 1137 1087 1181 neve
1107 1117 1214 1199 vulpe·

294 1199 381 1263 culae
403 1202 597 1281 coalescant,
628 1205 753 1285 inipso
785 1210 855 1266 ortu
887 1211 918 1265 te
945 1202 1155 1264 intercedente
1185 1203 1217 1264 ct

291 1283 454 1346 adiurante
476 1283 683 1370 exstinguim)
706 1305 836 1348 necesse
859 1293 916 1348 est.

367 1366 406 1444 *t
429 1367 594 1450 Exsurget,
617 1370 709 1431 etiam
726 1388 784 1450 pro
798 1375 830 1432 te
847 1375 956 1432 contra
975 1370 1118 1431 inimicos
1132 1375 1214 1448 tuos,

327 1452 371 1524 si,
403 1469 472 1512 cum
494 1471 565 1514 esse
585 1452 662 1514 ralis
684 1454 866 1534 episcopus,
897 1452 968 1514 talis
996 1453 1053 1528 sia,
1090 1451 1213 1530 qualern

325 1535 394 1615 ipse
414 1553 485 1596 ease
504 1535 612 1615 voluit,
633 1535 819 1617 inculpatus,
841 1533 1126 1616 irreprehensibilis,
1147 1540 1214 1594 tan·

327 1635 420 1697 quam
442 1617 500 1680 Dei
523 1617 735 1699 dispensator,
757 1638 820 1681 non
842 1619 1049 1700 praefractus,¹
1070 1635 1132 1677 non
1154 1619 1211 1677 ira·

328 1699 467 1779 cundus,
489 1720 552 1762 non
574 1703 703 1782 turpiter
724 1702 809 1763 lucro
832 1701 970 1777 deditus,
993 1701 1142 1762 bonarum
1165 1718 1209 1761 re-

327 1802 394 1844 rum
418 1783 584 1863 studiosus,
604 1792 640 1846 ut
660 1803 790 1865 quaeras
805 1803 867 1847 non
889 1804 968 1864 quae
991 1789 1135 1858 tnasunt,
1157 1781 1213 1843 sed

327 1866 459 1928 aliorum
480 1874 512 1928 et
533 1866 723 1944 huiusmodi,
764 1875 799 1928 ut
820 1874 931 1949 potens
970 1869 1012 1928 sis
1044 1866 1211 1944 exhortari,

327 1948 497 2010 secundum
531 1950 704 2013 doctrinam
737 1970 862 2028 sanam,
895 1959 927 2012 et
965 1949 1213 2012 contradicentes

326 2033 523 2095 convincere.

328 2121 365 2190 ιι)
389 2115 581 2177 Posteriores
601 2135 677 2177 vcro
697 2135 754 2176 sua
775 2115 904 2196 pertidia
936 2118 1061 2195 suisque
1091 2115 1212 2178 sceleri·

328 2199 385 2260 bus
408 2197 599 2279 denigratam
622 2205 654 2259 et
673 2199 929 2260 commaculatam
952 2198 1160 2262 reddiderunt.

329 2282 367 2359 b)
390 2281 473 2343 Nihil
496 2283 595 2343 minus
617 2301 707 2362 qnam
719 2282 915 2362 Porphyrius.
937 2282 1015 2343 Nam
1037 2281 1088 2342 hic
1108 2281 1211 2341 Evan-

329 2365 442 2445 getium
464 2364 575 2426 Christi
595 2365 771 2445 praedicat,
802 2364 856 2425 ille
883 2366 979 2446 impie
1002 2363 1210 2446 oppugnabat.

329 2445 361 2530 c)
383 2448 524 2527 Nequam
545 2449 813 2529 praestigiatores,
835 2466 963 2529 rapaces
985 2448 1086 2528 lupos,
1109 2454 1140 2507 ct
1161 2445 1211 2508 de

329 2539 489 2592 voratores
511 2530 657 2592 dominici
678 2532 789 2613 gregis.

330 2613 364 2696 d)
385 2613 486 2674 Etiam
511 2615 660 2696 perimere
682 2615 827 2694 oportuit.

330 2706 363 2769 a)
384 2695 505 2758 Diffldit
523 2716 616 2774 vero,
644 2698 695 2777 qui
718 2704 781 2758 tam
804 2697 917 2758 honam
940 2695 1092 2778 habetl),
1122 2703 1166 2758 ut·
1182 2701 1214 2757 te
1262 2739 1265 2744 -

332 2778 373 2840 ad
394 2785 509 2841 metum
529 2781 592 2841 iam
615 2778 777 2861 adegerit?
800 2781 863 2841 Aut
883 2786 986 2860 potest
996 2778 1146 2857 diffidere,
1162 2781 1214 2859 qui

330 2864 469 2924 veritatis
490 2881 614 2924 canam
637 2862 723 2944 agit?

331 2947 360 3022 i)
384 2945 525 3025 Aequam
549 2945 808 3027 obiurgationem.

332 3027 370 3111 g)
393 3029 460 3091 imo
484 3028 608 3106 christi,
631 3030 717 3089 cuius
738 3036 786 3090 est
807 3029 882 3089 hoc:
905 3027 972 3088 Vae
994 3025 1096 3103 vobis,
1120 3024 1214 3084 duces

332 3112 429 3190 caeci,
451 3118 483 3172 et
503 3111 578 3174 hcc:
600 3111 669 3173 Vae
690 3110 798 3190 vobis,
819 3110 1015 3192 hypocritae,
1038 3114 1069 3170 et
1090 3125 1214 3187 serpen-

333 3195 425 3276 tes2),
446 3196 611 3276 progenies
632 3197 804 3277 viperarum
819 3201 876 3260 etc.
898 3193 1025 3254 Licetne
1045 3192 1137 3272 igitur
1149 3207 1214 3250 cor·

333 3279 433 3358 ripere
455 3284 486 3338 te
508 3296 632 3358 quoqne
653 3280 745 3340 toties
777 3286 902 3357 tamque
924 3276 1016 3338 foede
1037 3271 1214 3337 labentem?

333 3361 369 3437 h)
395 3360 509 3422 Plenus
532 3368 580 3422 est
600 3361 789 3442 hieronymi.
815 3360 842 3422 Ο
865 3360 1078 3422 eruditionem.

283 3479 287 3491 ι
332 3445 359 3521 i)
382 3443 443 3504 Hui
465 3445 572 3506 victos.

333 3527 371 3597 k)
394 3526 524 3588 Paulum
547 3526 655 3589 erudit.

332 3608 361 3692 1)
384 3609 419 3671 id
441 3617 499 3684 est,
520 3628 561 3671 ne
582 3616 635 3670 tuo
657 3609 744 3670 lucro
766 3607 985 3672 detrimentum
1007 3607 1155 3669 adierant.

333 3697 383 3767 m)
408 3691 457 3754 Ne
489 3691 627 3754 interfice
667 3693 823 3772 simplices
860 3690 1035 3766 columbas,
1069 3689 1215 3769 accipiter

332 3775 485 3837 Pontifex.

361 3965 394 4023 1)
414 3963 445 4016 Ιιι
470 3961 533 4017 adit
561 3963 639 4016 tan:
669 3967 726 4014 turn
755 3962 859 4014 bonam
886 3977 1009 4015 causam.
1045 3961 1076 4026 2)
1087 3962 1124 4014 'ln
1151 3961 1224 4015 sdit.'

293 4031 414 4091 tunm:
442 4036 598 4105 hypocritis
616 4039 645 4089 ct
661 4034 846 4104 serpentibus.
