3159 4792
214 3320 215 3323 Ἴ
326 3260 409 3315 trans

413 490 448 544 da
465 489 515 544 illo
534 489 608 565 dista
628 490 663 553 ad
682 491 755 552 llbr„
769 492 815 574 434
834 492 917 552 Dum.
935 495 990 551 las.
1013 495 1073 549 heri
1093 501 1143 549 ets.
1175 494 1238 562 455

378 680 433 743 36.
448 678 510 740 leta
531 682 564 739 et
584 677 697 740 similia
724 683 870 759 portenta
902 680 977 741 satis
1012 679 1237 762 demonstrant,

316 782 378 823 non
402 780 471 821 esse
500 762 578 822 inter
616 780 673 822 nos
696 762 762 823 et
753 781 840 843 ipsos
862 767 978 823 tantum
1006 764 1094 827 verbi
1116 771 1237 827 444444-

316 846 457 923 versiam,
481 850 513 905 ut
534 863 616 905 nunu
638 844 761 924 quidam
783 845 897 907 funesti
912 846 1058 907 consiliat
1046 854 1128 909 tores
1153 869 1238 929 prae·
1270 862 1274 879 '

317 934 449 989 sumunt
656 950 659 979 ÷

376 1009 427 1075 37.
449 1010 520 1072 Nou
541 1018 590 1071 est
619 1012 831 1071 controversia
858 1011 1008 1090 verbalis,
1042 1012 1093 1073 ubi
1115 1032 1172 1073 nos
1197 1013 1239 1074 di-

317 1095 430 1171 dimus,
454 1094 558 1154 omnia
580 1093 686 1155 Matth.
709 1093 739 1158 ὃ.
764 1112 833 1155 esse
855 1103 1038 1177 praesepta,
1060 1093 1105 1156 illi
1126 1104 1238 1172 autem

317 1197 387 1240 essu
408 1177 560 1255 quaedam
584 1176 733 1254 sensilia,
763 1196 819 1237 seu
840 1190 873 1237 ut
893 1177 1037 1240 Sorbona
1057 1178 1238 1239 Par-islensis

315 1261 349 1325 in
370 1259 570 1327 damnatione
591 1259 713 1319 Lutheri
736 1258 887 1339 decrevit,
923 1280 993 1321 esse
1014 1263 1105 1322 nimis
1131 1280 1239 1323 onera-

316 1344 380 1404 tiva
401 1343 478 1424 legis
501 1342 701 1407 Christianam

379 1426 432 1490 38
451 1425 522 1487 Non
545 1432 593 1486 est
612 1427 826 1487 uuntruversia
847 1426 991 1505 verbalis,
1014 1426 1065 1488 ubi
1087 1435 1238 1508 asserunt,

316 1507 515 1573 dubitandum
543 1526 628 1586 essa,
662 1528 701 1569 an
735 1510 830 1568 simus
859 1511 890 1568 in
912 1511 1029 1589 gratia,
1075 1508 1158 1590 quod
1180 1529 1238 1572 nos

318 1592 447 1657 dicimus
471 1592 654 1669 aeneidem,
676 1590 760 1670 quod
783 1610 899 1672 negare
920 1592 1082 1657 Christum

378 1674 428 1741 39.
450 1674 521 1737 Non
543 1681 592 1737 est
612 1675 825 1737 controversia
845 1674 988 1755 verbalis,
1011 1676 1061 1736 ubi
1085 1678 1236 1738 securita-

317 1764 432 1819 temet
457 1758 604 1819 malitiam
635 1765 666 1819 et
686 1758 953 1837 impoenitentiam
980 1760 1178 1837 continuant,
1206 1762 1238 1820 in

318 1848 403 1903 tanto
427 1842 576 1922 sanguine
598 1842 666 1902 fuso
692 1860 748 1922 per
768 1842 871 1921 ipsos,
893 1848 1019 1922 propter
1039 1861 1145 1903 eurum
1169 1862 1237 1924 por

319 1930 405 1987 tenta
426 1932 458 1985 et
478 1924 686 2004 blasphemias
708 1923 882 2005 praedictas
904 1924 1114 1987 stabiliendae.

380 2008 429 2073 40.
451 2006 522 2069 Non
545 2015 593 2069 est
614 2009 827 2069 controversia
847 2008 990 2086 verbalis,
1014 2008 1085 2069 dum
1100 2008 1145 2069 illi
1169 2028 1238 2089 pro-

318 2091 485 2153 fessionem
515 2092 718 2153 monasticam
753 2098 905 2171 aequant,
938 2111 994 2152 seu
1027 2093 1130 2173 petius
1152 2111 1239 2174 prae·
1273 2084 1277 2100 '

317 2175 419 2237 lerunt
439 2174 624 2254 baptismati,
648 2180 749 2235 atnoe
765 2174 826 2236 lroa
839 2174 939 2254 ipsum
961 2194 1031 2235 esse
1053 2174 1238 2256 saerilegum

322 2264 354 2319 et
374 2256 637 2318 antichristianum
660 2256 800 2317 dicimus.

381 2342 432 2403 41.
454 2339 525 2403 Non
548 2347 595 2400 est
616 2339 808 2420 negandum,
831 2339 1053 2402 miranulafieri
1074 2359 1169 2421 posse
1185 2360 1241 2421 per

321 2424 432 2504 impios
454 2425 485 2483 in
507 2422 569 2483 lide
590 2430 726 2501 mortus,
743 2425 923 2504 praesertim
944 2425 971 2483 si
992 2425 1114 2483 suntin
1137 2422 1240 2485 offluio

322 2506 371 2567 vel
398 2514 489 2567 austu
511 2506 733 2585 eeclesiastico,

381 2589 431 2653 42.
455 2589 540 2653 Siout
561 2594 785 2651 sacramentum
808 2595 839 2651 st
859 2589 987 2651 verbum
1010 2588 1060 2665 (id
1082 2595 1148 2667 est,
1179 2590 1243 2651 vita

321 2678 477 2752 aeterna),
500 2692 580 2753 qnae
601 2680 747 2753 superant
768 2673 873 2733 omnia
887 2672 1044 2751 miracula,
1067 2675 1160 2734 etiam
1185 2692 1241 2754 per

321 2755 427 2817 Iudam
449 2755 621 2832 Soharinth,
644 2755 852 2816 unnleruntnr.

384 2840 434 2903 43.
456 2838 497 2900 Et
519 2840 545 2899 si
568 2838 645 2900 tales
668 2839 724 2899 sibi
747 2839 889 2918 privatim
911 2839 978 2897 istis
1000 2838 1144 2917 operibus
1161 2838 1236 2899 nihil

323 2922 450 3002 prosint,
472 2923 535 2982 imo
548 2928 693 2998 nunaunt,
715 2925 820 2981 tamen
835 2926 935 2980 ratum
952 2927 1009 2998 est,
1024 2919 1107 2999 quod
1124 2921 1241 2981 faainnt

323 3004 404 3086 apud
426 3006 525 3066 Deum
548 3011 579 3065 et
600 2966 753 3065 homines

384 3090 434 3153 44.
455 3089 502 3149 lta
529 3086 642 3148 Paulus
677 3091 707 3149 4.
740 3085 877 3147 Corinth
908 3087 956 3149 13.
988 3085 1131 3165 privatim
1164 3086 1241 3166 ipsis

324 3170 398 3231 nihil
410 3160 686 3316 ¹prodesse,
596 3169 686 3249 dicit,
718 3170 770 3249 qui
802 3167 864 3229 fide
902 3187 958 3228 sua
992 3168 1084 3228 etiarn
1118 3172 1241 3230 montes
1355 3170 1362 3181 ‘

422 3260 511 3314 erant

386 3338 435 3401 45.
457 3336 498 3397 Et
521 3336 689 3398 Christus
681 3336 803 3415 rniquos
829 3354 849 3395 a
869 3352 940 3395 sese
962 3333 1121 3395 dissedere
1141 3333 1238 3414 iubet,

326 3420 376 3499 qui
398 3420 429 3480 in
451 3420 577 3481 nomine
599 3438 654 3480 suo
677 3420 804 3479 virtutes
828 3418 940 3478 multas
961 3418 1117 3480 iecissent.

384 3505 433 3567 46.
456 3502 624 3565 laetaturas
656 3502 759 3581 potius
796 3500 867 3562 fidei
901 3504 994 3562 sentit
1028 3500 1140 3561 Paulus
1175 3520 1244 3561 esse

327 3604 394 3664 eos,
416 3587 467 3665 qui
489 3583 582 3645 fidem
602 3605 658 3667 per
679 3586 838 3645 ueritatem
861 3604 923 3646 non
945 3583 1061 3646 hahent
1075 3582 1245 3664 effluasem,

322 3675 459 3749 aquae
480 3687 537 3729 sna
557 3668 671 3741 sunt1)
697 3673 857 3747 quaerunt.

631 3755 723 3811 Anno
745 3750 785 3815 444.
806 3752 843 3813 D.
865 3750 940 3814 XLI.

402 4018 432 4084 1)
452 4018 484 4073 44
504 4017 547 4073 ed.
566 4017 643 4071 lem:
663 4008 725 4069 sint.
