3159 4792
639 564 642 571 .
702 512 832 584 delaga-
1148 510 1213 580 387

294 697 354 759 dos
373 702 410 759 et
430 716 479 759 ree
503 696 657 769 mirabiles
673 699 788 780 videre,
809 700 842 762 id
863 706 928 779 eat,
950 701 1094 781 insanire,
1117 705 1150 763 et
1171 722 1217 763 ea

293 786 386 841 terrae
409 780 540 843 ludibrio
560 784 671 847 taceri.

355 864 405 929 54.
429 863 512 925 Nihil
523 863 643 925 facilius
665 871 721 944 eet,
747 867 986 944 quamoticaum
1009 875 1041 929 et
1053 868 1215 947 loquacem

293 947 465 1026 sophistam
490 946 620 1028 detege
642 956 674 1009 ct
695 949 842 1029 operibus
864 950 961 1011 multa
982 952 1114 1031 garrire,
1145 951 1217 1012 dum

291 1030 453 1105 interiml)
478 1032 544 1110 ipsc
562 1050 619 1093 nec
640 1032 732 1093 faciat
753 1033 928 1113 quicquam,
951 1052 1018 1113 nec,
1040 1036 1091 1114 qut
1113 1034 1216 1111 saciat,

291 1113 393 1193 poerit
415 1113 590 1175 ostendere.

355 1199 405 1261 55.
427 1196 503 1275 Noa,
526 1214 595 1259 cum
618 1215 681 1258 non
703 1198 826 1277 possint
847 1197 892 1261 illi
904 1216 989 1262 auam
1001 1198 1215 1263 affirmativam

291 1278 441 1423 ¹probare,
478 1300 518 1340 ex
540 1278 801 1360 superabundanti
834 1280 926 1341 etiam
948 1283 1123 1365 negativam
1146 1301 1215 1363 pro·

312 1380 410 1423 amus.
1218 1395 1221 1405 ·

352 1444 402 1509 56.
426 1444 550 1506 Scilicet
571 1444 686 1505 nullam
709 1444 819 1520 faisse,
842 1461 930 1526 eece,
951 1445 1019 1507 tare
1040 1447 1215 1528 exemplum

291 1526 368 1607 tegis
395 1528 561 1608 impletae,
589 1529 619 1587 in
648 1528 711 1588 ullo
734 1526 934 1608 Sanctarum,
973 1546 1074 1609 neque
1095 1532 1125 1589 irr
1150 1536 1217 1591 tota

288 1610 423 1671 ecclaairr
444 1618 553 1672 sancta
575 1610 739 1671 catholica.
1202 1625 1207 1637 ’

353 1698 403 1759 57.
429 1693 571 1755 Omnium
595 1695 675 1755 enim
694 1692 876 1755 Sanctorum
899 1700 932 1754 et
947 1695 1040 1755 totius
1062 1696 1213 1756 ecclesiae

289 1793 353 1841 vax
374 1783 405 1837 et
422 1777 579 1839 confessio
601 1784 661 1837 eat:
685 1774 907 1856 Sldirrerimua,
929 1794 988 1837 rroe
1013 1796 1076 1839 non
1099 1778 1213 1840 habere

294 1866 468 1939 peccatam,
491 1861 605 1921 veritae
627 1860 684 1919 Dei
706 1860 737 1919 in
760 1858 854 1922 nobie
874 1875 936 1921 narr
959 1866 1016 1922 eat.

355 1946 405 2007 58.
428 1942 468 2003 Et
488 1944 555 2022 ipse
577 1942 690 2003 Paulus
712 1960 804 2003 carne
827 1944 920 2003 servit
941 1943 1002 2025 legi
1018 1946 1162 2087 (peccati,
1183 1950 1216 2005 et

286 2026 413 2106 spiritua
434 2025 650 2086 venerearum
673 2023 815 2087 Galatiae
845 2044 969 2087 carnem
998 2044 1019 2087 a
1040 2033 1214 2089 verrentem

285 2109 367 2170 terre
390 2126 427 2170 co
450 2108 518 2171 itur.

351 2193 402 2256 59.
427 2128 466 2251 ἕο
487 2198 554 2253 tota
577 2190 729 2267 ecclesia,
751 2197 861 2271 petens
884 2190 1040 2254 dominica
1062 2194 1214 2269 oratione,

286 2273 472 2336 eacctfficari
497 2292 611 2336 nomen
634 2274 702 2354 Dei,
725 2280 756 2335 et
777 2275 991 2336 remissionem
1015 2283 1213 2357 peccatoram

290 2367 348 2419 etc.
377 2358 438 2419 hoc
460 2359 529 2439 ipso
551 2358 673 2435 fatetur,
696 2376 766 2419 aeae
788 2359 993 2438 peccatricem
1016 2376 1097 2421 aare.

354 2444 403 2506 60.
425 2440 473 2501 Ex
496 2440 605 2520 quibua
635 2440 788 2520 sequitur,
822 2440 938 2502 nullum
969 2442 1061 2503 etiam
1087 2442 1214 2505 Sancto·

288 2544 371 2604 rum,
404 2524 516 2585 nedum
540 2524 718 2605 legistarum
752 2523 897 2604 operibus
931 2525 1007 2606 legia
1046 2524 1215 2603 iustificari,

289 2609 386 2668 multo
410 2609 508 2668 minue
531 2607 675 2689 operibus
697 2609 839 2688 propriis.

350 2695 403 2756 61.
425 2690 491 2753 Hos
511 2691 694 2770 vaniloquos
716 2698 748 2751 et
775 2688 996 2773 φρεναπάτας
1018 2692 1121 2773 signat
1141 2712 1215 2775 apc-

289 2775 403 2852 stolus,
433 2792 501 2834 cum
523 2774 613 2835 dicit:
645 2773 775 2854 Semper
797 2774 969 2853 discentes,
1004 2781 1036 2835 et
1057 2789 1214 2855 nunquam

288 2858 328 2919 ad
351 2858 509 2918 scientiam
528 2858 667 2919 veritatis
712 2858 918 2917 ervenicntee.

352 2942 402 3005 62.
427 2939 556 3020 Semper
578 2941 660 3003 enim
683 2876 723 3000 ἕο
744 2939 849 3001 debito
865 2938 931 2999 fleri
954 2937 1099 3016 clamant,
1121 2947 1153 3000 at
1175 2939 1215 3001 de

291 3024 375 3084 facto
399 3040 469 3084 esee
491 3024 566 3084 nihil
585 3022 710 3103 habent,
732 3042 791 3084 nec
812 3029 944 3105 pareunt
964 3028 1133 3101 praestare.

355 3108 405 3170 63.
428 3107 470 3167 At
492 3126 546 3186 per
568 3106 703 3170 debitum
725 3106 791 3167 fleri
813 3124 905 3167 nemo
926 3102 1141 3166 iustificabitur
1163 3110 1217 3165 aut

289 3190 465 3268 salvabitur,
488 3188 584 3267 aed2)
609 3208 665 3270 per
685 3188 799 3253 iactum
819 3206 898 3267 eece,
919 3204 973 3249 eeu
986 3187 1121 3249 actores
1137 3186 1216 3268 legia

290 3272 431 3335 salvandi
454 3280 525 3334 eunt
546 3290 665 3335 omnes.
1203 3341 1206 3349 ,

355 3358 404 3422 64.
427 3355 496 3417 Nan
521 3356 601 3416 enim
625 3356 676 3435 qui
690 3355 772 3433 dicit,
794 3355 937 3435 Domina,
960 3353 1103 3432 Domine,
1119 3354 1216 3413 intra*

289 3438 335 3502 bit
366 3458 493 3521 regnum
516 3438 690 3517 coelomm,
727 3436 782 3500 ead
806 3438 858 3519 qui
886 3438 995 3500 iecerit
1024 3438 1215 3499 voluntatem

290 3524 398 3601 Patris,
422 3522 472 3583 hic
493 3520 620 3583 intrabit
639 3527 697 3585 etc.

352 3610 403 3672 65.
431 3607 514 3667 Deae
536 3606 617 3669 enim
640 3605 721 3665 aerio
742 3604 809 3665 vult
840 3604 940 3685 legem
972 3620 1058 3664 cuam
1085 3600 1216 3682 impiari,

290 3687 447 3773 usquead
472 3690 629 3749 minimum
653 3688 772 3768 apicem
797 3693 829 3748 et
848 3688 923 3767 iota,
946 3693 999 3749 aut
1017 3684 1133 3746 nullum
1151 3702 1214 3747 cm·

171 3810 172 3813 κ
289 3792 363 3835 mno
387 3772 508 3835 saivari.

364 4034 396 4105 t)
421 4034 452 4089 in
473 4034 518 4087 ed.
541 4032 628 4089 rata:
648 4034 764 4085 interea.
801 4029 835 4096 2)
855 4028 886 4081 [n
907 4028 1056 4163 erL251258:
1076 4044 1136 4082 eea.
