3159 4792
381 492 428 561 θῧ
452 466 456 477 Ι
507 519 528 561 ο
601 494 732 560 cmmo-
750 494 857 557 ludat
874 496 1091 557 subamarum

386 681 459 747 dam
478 682 644 763 populares
664 682 763 762 iliius,
790 682 987 749 tumultuario
1008 688 1041 746 at
1060 682 1239 761 repentino,
1271 686 1305 743 at
1407 712 1408 769 3

386 764 517 844 ridetur,
539 766 643 829 calore
663 767 806 847 scriptae,
828 768 860 829 in
881 784 989 835 manus
1010 771 1133 829 nocuas
1146 768 1303 843 venerunt,
1407 770 1408 775 ’

357 864 361 874 ·
386 850 418 911 iu
439 848 548 945 quibus
567 849 680 945 ‘ude-cem
700 856 868 931 praecepta
879 848 974 913 Mosis
993 868 1141 915 enarrans
1163 847 1304 990 salamon

385 932 1034 1097 bbmipaoiblddqiildublbiifftbebragsiiiiet‚tulii
1056 937 1305 1096 ssbbrbruuiblidig

386 1098 646 1161 flmousuaorum
684 1099 803 1164 indocti
839 1120 898 1161 nos
925 1098 1086 1167 sublimius
1107 1098 1147 1160 de
1175 1097 1306 1175 Christo,

386 1182 522 1243 amadus
544 1182 584 1243 de
605 1183 769 1263 evangelio
789 1184 989 1261 sentiremus,
1016 1183 1183 1264 positoque
1204 1200 1307 1261 super·
1407 1214 1408 1223 ÷

386 1264 460 1329 cilio
482 1284 606 1345 parum,
638 1268 700 1327 imo
722 1266 799 1327 nihil
820 1266 920 1344 nobis,
942 1265 1087 1344 multum,
1118 1266 1182 1330 imo
1205 1265 1309 1328 omnia
1407 1296 1408 1349 3

388 1348 510 1411 Christo
532 1350 600 1414 Deo
621 1350 835 1416 tribueremus.
878 1349 929 1411 Sic
951 1366 1020 1411 sese
1052 1349 1182 1429 primum
1216 1348 1308 1417 nobis
1407 1360 1408 1377 ¹

386 1432 565 1493 insinuavit.
606 1432 680 1494 Mox
701 1432 784 1493 lama
806 1434 1044 1514 superueniens,
1080 1439 1112 1493 et
1139 1432 1195 1493 viri
1220 1432 1308 1496 iono-
1383 1412 1408 1477 ,¹

387 1517 520 1575 centiam
543 1514 659 1577 docens
689 1518 885 1595 opinionem,
923 1534 1015 1594 quam
1038 1515 1077 1575 de
1098 1514 1153 1577 illo
1175 1513 1310 1579 hamta-

387 1618 470 1676 mns,
504 1599 727 1678 comprobavit
776 1598 856 1675 Quid
888 1600 1075 1677 faceremus,
1109 1597 1192 1660 bone
1212 1596 1310 1665 Ecci?

386 1681 590 1745 babendusne
617 1689 684 1743 erat
710 1682 805 1745 odio?
844 1682 935 1746 flocci
967 1680 1190 1762 pendendusne
1222 1680 1310 1744 erat?

386 1766 540 1845 ingratius
561 1784 630 1829 esse
648 1765 858 1828 debebamus?
881 1766 1046 1842 Quomodo
1069 1772 1102 1825 tu
1119 1763 1311 1829 eiuscemodi

387 1855 535 1912 necares
557 1848 743 1929 discipulos?

471 1963 533 2026 sub
553 1964 633 2026 haec
653 1967 890 2026 concionatores
902 1965 1025 2045 quidam
1043 1964 1137 2025 officii
1158 1965 1204 2024 sui
1227 1965 1312 2025 male

388 2066 559 2126 memores,
594 2050 685 2109 variis
707 2050 739 2107 in
761 2048 839 2110 locis
861 2049 929 2129 plus
952 2064 1052 2128 aequo
1075 2047 1311 2109 condonationi-

389 2132 445 2191 bus
465 2130 655 2212 pontificum,
676 2150 753 2213 quas
773 2131 980 2213 indulgentias
994 2138 1116 2211 vocant,
1139 2132 1311 2192 tribuentes
1407 2206 1408 2211 ἵ

388 2214 553 2275 multorum
583 2214 774 2276 seducebant
795 2214 932 2297 animos,
972 2214 1191 2276 confidentium
1219 2214 1311 2294 polli-

389 2298 584 2359 citationibus
605 2297 833 2379 huiuscemodi,
866 2300 916 2359 vel
943 2298 1062 2360 abiecta
1089 2315 1181 2359 verae
1202 2300 1313 2378 poeni-

389 2383 503 2442 tentiae
531 2400 622 2442 cruce
656 2383 785 2442 salntem
811 2382 846 2443 'se
878 2386 1083 2444 assecuturos.
1126 2380 1208 2456 Quid
1235 2380 1312 2462 doli,

389 2465 463 2543 qnid
483 2465 644 2543 fraudium,
666 2464 738 2544 quid
758 2467 995 2546 imposturarum
1008 2465 1064 2525 sub
1087 2466 1317 2531 sanctimoniae

388 2554 550 2628 praetextu
581 2566 636 2628 per
669 2548 852 2610 maledictos
882 2548 1074 2630 nugivendos
1097 2546 1312 2609 committeba-

388 2638 454 2709 tur,
490 2632 540 2692 vel
567 2631 740 2691 tacentibus
770 2632 876 2713 nobis,
916 2652 1007 2693 nemo
1038 2630 1131 2693 hodie
1160 2637 1222 2711 est,
1258 2633 1313 2710 qui

387 2715 517 2776 nesciat.
553 2713 691 2776 Silebant
712 2714 850 2797 theologi
867 2734 985 2794 omnes,
1006 2715 1223 2794 concinebant,
1244 2714 1312 2776 imo
1407 2730 1408 2735 ’

388 2797 562 2877 probabant
582 2799 730 2879 episcopi,
753 2798 904 2860 refutabat
923 2798 1175 2860 concionatorum
1196 2796 1313 2877 nullus,

389 2880 471 2941 unde
503 2900 560 2942 ceu
594 2882 740 2963 religioso
778 2882 900 2945 silentio
939 2883 1121 2945 licentiosae
1155 2882 1312 2961 iniquitati

389 2966 538 3025 autoritas
570 2965 709 3045 quotidie
747 2968 847 3027 maior
879 2966 1048 3029 accedebat
1078 2965 1314 3045 invalueratque

389 3048 469 3111 adeo
493 3049 524 3109 id
545 3050 633 3131 mali,
663 3052 778 3111 utiam
800 3068 864 3112 non
884 3049 1035 3129 iubilaeo,
1067 3057 1098 3111 et
1119 3050 1314 3130 quinquage-

389 3134 467 3193 simo
490 3152 614 3212 quoque
635 3153 754 3213 annno,
777 3132 831 3193 sed
854 3136 1018 3215 quotannis
1040 3153 1103 3195 non
1126 3132 1232 3211 semel,
1254 3132 1313 3193 sed

388 3218 499 3276 iterum
519 3222 612 3294 atque
642 3219 762 3296 iterum,
796 3236 855 3277 nec
885 3215 987 3277 arduis
1022 3236 1061 3278 ex
1097 3217 1213 3293 causis,
1253 3215 1313 3277 sed
1363 3240 1365 3247 ’

389 3298 482 3379 plane
505 3299 646 3361 tenuibus
671 3307 703 3361 et
721 3300 949 3380 commentitiis,
972 3320 1035 3361 non
1057 3302 1124 3362 sine
1141 3299 1313 3361 animarum

391 3382 612 3464 delusionibus,
633 3389 813 3465 quaestores
836 3386 923 3446 multi
945 3382 1187 3461 obambularent.
1229 3402 1231 3411 ’

471 3502 590 3565 Primus
611 3508 685 3583 tuuc
713 3504 867 3582 omnium,
899 3524 1070 3585 quemnos
1092 3506 1219 3583 scimus,
1253 3507 1313 3569 Iru-

391 3590 495 3651 therus
526 3606 629 3650 rerum
662 3587 846 3670 indignitate
874 3608 1028 3669 perpensa
1057 3589 1139 3669 apud
1162 3590 1313 3655 Vuittsm·

390 3674 556 3753 bergenses
592 3675 624 3736 iu
646 3673 761 3742 scholis
794 3672 834 3735 de
854 3675 890 3733 iis
910 3672 1003 3737 rebus
1026 3674 1173 3736 mutunus
1194 3692 1310 3754 propo-

391 3758 457 3820 sitis
485 3756 734 3820 conclusionibus
762 3757 919 3837 disputare
941 3757 1052 3836 eoepit
1096 3754 1184 3831 Quae
1205 3757 1311 3818 statim

391 3841 468 3906 utba
488 3842 646 3904 celeritate
666 3862 722 3921 per
734 3840 931 3904 Germaniam
943 3859 1088 3921 sparsae,
1111 3846 1142 3901 et
1163 3840 1314 3919 singulari

390 3924 496 3989 favore
518 3945 537 3985 a
557 3924 743 3989 doctissimis
766 3926 859 3987 etiam
873 3923 1042 4003 quibusvis,
1065 3930 1135 3983 ate
1156 3923 1241 3995 forte,
1257 3930 1315 3984 aut

389 4010 514 4089 ignotis,
535 4016 589 4074 aut
609 4011 809 4088 contemptis,
831 4014 992 4089 exceptae,
1011 4006 1094 4088 quod
1106 4006 1226 4069 fraudes
1248 4006 1313 4079 iarn
