3159 4792
361 459 425 531 298
696 464 772 519 suu
790 464 890 523 Leonis
909 467 941 522 x,

362 654 436 801 {uici
465 672 573 716 omues
599 661 632 719 et
663 654 775 738 singuli
808 654 995 737 supradicti,
1030 653 1158 719 omuino
1181 653 1286 735 expel-

374 746 429 801 unt

405 827 441 896 a)
468 821 627 881 Brachium
651 822 790 883 seculare
814 823 960 883 excitabit
981 822 1032 899 hic
1053 825 1120 904 rugi
1125 830 1184 887 t,us

405 903 443 985 ιι)
468 905 701 965 Coniundantur
736 925 844 966 omnes
884 906 987 986 inique
1019 918 1150 988 agentes
1183 926 1286 987 super·

405 1007 511 1048 vacue.

405 1077 439 1143 c)
465 1071 554 1146 Vide,
576 1073 734 1153 quomodo
750 1074 914 1135 ecclesiam
936 1093 999 1134 uon
1015 1090 1133 1151 amore,
1156 1072 1286 1133 utChri'·

405 1163 479 1232 stus,
502 1157 609 1235 societ,
589 1155 690 1220 tsed
712 1158 741 1217 vi
763 1178 799 1217 ac
822 1165 949 1238 terrore,
972 1166 1004 1217 ut
1026 1157 1157 1239 tyranni
1182 1165 1286 1235 cogat.

404 1236 479 1313 Quis
501 1238 593 1299 ferret
615 1239 707 1301 talem
728 1238 910 1301 Pastorem?

404 1320 442 1397 d)
466 1320 554 1381 Nunc
585 1323 708 1383 taudem
739 1323 941 1403 expediebat
974 1324 1077 1403 plures
1114 1342 1184 1383 esse
1214 1321 1286 1381 Gur-

405 1406 537 1482 tissncs,
560 1408 610 1485 qui
634 1413 751 1466 tantum
772 1408 936 1471 homiuum
955 1413 1111 1504 cogerent.

405 1497 439 1561 e)
405 1488 641 1549 ePraemium
663 1490 875 1569 pollicitum'
855 1510 909 1567 ns,
933 1490 983 1571 qui
1008 1492 1066 1549 nbs
1085 1488 1288 1568 prodiderint,

405 1577 436 1631 et
458 1574 556 1652 pretio
579 1575 744 1653 paciscitur
772 1576 1011 1654 proscriptorum
1031 1574 1153 1651 lcapita
1207 1572 1289 1631 Vere

405 1654 561 1715 Romanus
594 1664 650 1718 est.
705 1657 763 1717 Dic
797 1657 868 1716 mihi
902 1675 991 1732 reru,
1028 1654 1173 1733 Decime,
1214 1653 1289 1774 quid

402 1738 497 1797 iacies
535 1741 565 1798 iu
606 1739 656 1799 die
689 1741 874 1800 visitationis
910 1746 941 1798 et
978 1738 1161 1798 calamitatis
1197 1736 1266 1797 de¹
1273 1745 1286 1814 )

402 1819 494 1901 louge
516 1822 687 1883 venientis?
730 1823 837 1883 Nonf
835 1824 902 1903 ugis
927 1821 1067 1882 afutura
1093 1822 1148 1881 Dei
1171 1821 1238 1880 ira?

445 1904 591 1964 Civitates
614 1925 703 1980 veru,
726 1905 879 1983 dominia,
902 1912 1015 1982 terras,
1039 1915 1157 1977 castra,
1187 1903 1288 1982 villas,

366 1989 543 2058 comitatus,
586 1953 785 2084 fortilitia2),
820 1988 934 2068 oppida
963 1994 994 2048 et
1033 1988 1101 2047 loca
1136 2006 1290 2067 quaecuu-

365 2088 425 2147 que
448 2069 573 2129 ubilibet
595 2072 812 2147 consistentia
845 2090 948 2131 earum
978 2079 1010 2131 et
1039 2090 1143 2131 eorum
1168 2089 1290 2149 respec-

365 2154 437 2231 tive,
459 2152 523 2212 Met
512 2154 723 2233 tropolitauas,
738 2118 946 2231 cathedrales,
970 2154 1202 2233 Collegiataset
1190 2153 1292 2213 talias

366 2235 524 2313 ecclesias,
547 2236 743 2315 hlonasteria,
765 2237 931 2314 Prioratus,
952 2238 1080 2333 liomus,
1103 2236 1295 2314 Conventus,

365 2328 396 2379 et
427 2318 543 2398 loca4)
576 2320 737 2401 religiosa,
771 2321 822 2379 vel
842 2321 894 2399 pia
937 2322 1144 2399 cuiuscunque
1175 2318 1293 2379 ordinis

368 2402 419 2483 (ut
441 2404 643 2481 praefertur),
676 2404 715 2463 ad
739 2422 817 2483 quae
839 2404 1008 2483 praefatum
1031 2404 1210 2480 Martinam,
1243 2402 1292 2462 vel

365 2486 497 2565 aliquem
520 2506 559 2545 ex
584 2486 747 2565 praedictis
711 2487 926 2547 tdeclinare
948 2504 1006 2546 con
1010 2487 1121 2566 tigerit,
1146 2484 1291 2564 quamdiu

364 2568 405 2627 ibi
427 2571 644 2647 permanserit,
673 2579 703 2629 et
725 2570 825 2629 triduo
848 2576 920 2649 post
941 2588 1113 2645 recessum,
1144 2569 1293 2628 ecclesia-

365 2651 442 2709 stico
466 2650 642 2711 subiicimus
655 2652 721 2726 a)·
714 2660 759 2712 rut
748 2652 889 2715 terdicta.

407 2737 443 2808 a)
407 2732 625 2795 aluterdicit
647 2738 758 2813 sacris,
794 2754 831 2795 en
855 2737 1000 2814 pietatem
1032 2736 1096 2795 eius
1121 2734 1292 2831 Pontificis,

407 2817 513 2893 quise
544 2816 705 2897 pacificum
724 2818 881 2898 appellari
914 2838 1029 2897 nuper,
1069 2818 1156 2899 quasi
1192 2836 1292 2877 novus

408 2899 473 2959 orbi
497 2898 643 2961 Salomon
665 2901 834 2976 illuxisset
856 2902 965 2961 voluit

448 2982 488 3042 Et
512 2990 543 3043 ut
563 2986 733 3080 praemissa
755 2947 896 3043 omuibus
919 2985 1132 3059 innotescant,
1167 2982 1292 3041 manda-

367 3084 433 3125 mus
446 3065 479 3145 a)
505 3068 630 3146 insuper
651 3068 800 3127 universis
814 3066 1007 3143 Patriarchis,
1031 3028 1292 3145 Archibpiscopis,

367 3148 529 3228 Episcopis
538 3150 797 3229 patriarchalium,
807 3149 1111 3229 metropolitanarum
1125 3148 1292 3207 etuliarum

292 3292 296 3299 ,
367 3229 588 3291 cathedralium
611 3250 647 3291 ac
668 3232 901 3311 collegiatarum
916 3232 1113 3291 ecclesiarum
1133 3230 1293 3305 Praelatis,

367 3314 526 3393 Capitulis,
549 3315 678 3393 aliisque
697 3315 838 3395 personis
853 3315 1081 3392 ecclesiasticis,
1104 3314 1293 3374 secularibus
1401 3348 1402 3367 r

367 3404 398 3457 et
432 3399 608 3476 quorumvis
649 3398 789 3457 ordinum
825 3398 1066 3477 supradictorum
1101 3397 1293 3478 regularibus

365 3480 537 3555 Fratribus,
559 3480 743 3560 Religiosis,
765 3480 941 3555 Monachls
973 3480 1124 3559 exemptis
1165 3488 1197 3539 et
1230 3501 1292 3539 nnn

366 3565 519 3658 exemptis
554 3562 752 3643 supradictis,
786 3562 931 3641 ubilibet,
965 3564 1143 3659 praesertim
1168 3564 1198 3621 ιιι
1222 3562 1293 3622 Ale-

367 3648 491 3706 manuia
514 3648 709 3722 constitutis,
744 3654 818 3725 quat
820 3666 894 3706 euus
917 3649 992 3731 ipsi,
1027 3647 1076 3706 vel
1099 3665 1205 3705 eorum
1230 3647 1294 3724 qui

366 3730 441 3791 libet
463 3730 518 3790 sub
541 3728 690 3789 similibus
719 3731 856 3789 censuris
880 3736 910 3790 at
931 3730 1058 3813 poenis,
1093 3747 1130 3789 eo
1157 3730 1226 3809 ipso
1249 3731 1293 3789 in·

439 3953 470 4021 1)
492 3955 521 4006 ln
552 3952 595 4006 ed.
616 3954 724 4005 lldnch.
750 3952 843 4007 deest:
870 3951 912 4005 de.
957 3952 989 4018 2)
1010 3950 1130 4049 Ibidem.
1156 3954 1285 4055 forticilis

367 4024 399 4089 3)
420 4022 452 4077 lu
488 4024 530 4078 ed
550 4025 623 4081 len..
644 4023 789 4079 clinicos.
939 4048 942 4055 ¹
992 4045 995 4053 ι
