<?xml version="1.0" encoding="UTF-8"?>
<!DOCTYPE html PUBLIC "-//W3C//DTD XHTML 1.0 Transitional//EN"
    "http://www.w3.org/TR/xhtml1/DTD/xhtml1-transitional.dtd">
<html xmlns="http://www.w3.org/1999/xhtml" xml:lang="en" lang="en">
 <head>
  <title>
</title>
<meta http-equiv="Content-Type" content="text/html;charset=utf-8" />
  <meta name='ocr-system' content='tesseract 3.04.00' />
  <meta name='ocr-capabilities' content='ocr_page ocr_carea ocr_par ocr_line ocrx_word'/>
</head>
<body>
  <div class='ocr_page' id='page_1' title='image "./operalatinavari04schmgoog_0107.png"; bbox 0 0 3159 4792; ppageno 0'>
   <div class='ocr_carea' id='block_1_1' title="bbox 526 514 1215 586">
    <p class='ocr_par' dir='ltr' id='par_1_1' title="bbox 526 514 1215 586">
     <span class='ocr_line' id='line_1_1' title="bbox 526 514 1215 586; baseline 0.003 -12"><span class='ocrx_word' id='word_1_1' title='bbox 526 530 580 586; x_wconf 68' lang='lat' dir='ltr'><strong>orn</strong></span> <span class='ocrx_word' id='word_1_2' title='bbox 599 516 802 577; x_wconf 72' lang='lat' dir='ltr'><strong>nummulus</strong></span> <span class='ocrx_word' id='word_1_3' title='bbox 814 521 849 571; x_wconf 80' lang='lat' dir='ltr'><strong>et</strong></span> <span class='ocrx_word' id='word_1_4' title='bbox 866 515 1005 577; x_wconf 69' lang='lat' dir='ltr'><strong>orm-su.</strong></span> <span class='ocrx_word' id='word_1_5' title='bbox 1172 514 1215 583; x_wconf 81' lang='grc'><strong>99</strong></span> 
     </span>
    </p>
   </div>
   <div class='ocr_carea' id='block_1_2' title="bbox 212 699 1216 1927">
    <p class='ocr_par' dir='ltr' id='par_1_2' title="bbox 212 699 1216 1530">
     <span class='ocr_line' id='line_1_2' title="bbox 286 699 1213 783; baseline 0.006 -22"><span class='ocrx_word' id='word_1_6' title='bbox 286 700 365 779; x_wconf 72' lang='lat' dir='ltr'><strong>‚quis</strong></span> <span class='ocrx_word' id='word_1_7' title='bbox 382 699 414 768; x_wconf 83' lang='lat' dir='ltr'><strong>ei</strong></span> <span class='ocrx_word' id='word_1_8' title='bbox 436 699 573 783; x_wconf 68' lang='lat' dir='ltr'><strong>inTyro</strong></span> <span class='ocrx_word' id='word_1_9' title='bbox 600 707 634 770; x_wconf 86' lang='lat' dir='ltr'><strong>st</strong></span> <span class='ocrx_word' id='word_1_10' title='bbox 652 700 772 769; x_wconf 73' lang='lat' dir='ltr'><strong>sidone</strong></span> <span class='ocrx_word' id='word_1_11' title='bbox 798 702 899 771; x_wconf 75' lang='lat' dir='ltr'><strong>noue</strong></span> <span class='ocrx_word' id='word_1_12' title='bbox 921 702 1052 770; x_wconf 70' lang='lat' dir='ltr'><strong>fulsum</strong></span> <span class='ocrx_word' id='word_1_13' title='bbox 1074 703 1213 778; x_wconf 79' lang='lat' dir='ltr'><strong>virtutes,</strong></span> 
     </span>
     <span class='ocr_line' id='line_1_3' title="bbox 292 782 1213 867; baseline -0.002 -18"><span class='ocrx_word' id='word_1_14' title='bbox 292 782 496 867; x_wconf 68' lang='lat' dir='ltr'><strong>quantusue</strong></span> <span class='ocrx_word' id='word_1_15' title='bbox 522 792 602 851; x_wconf 78' lang='lat' dir='ltr'><strong>eunt</strong></span> <span class='ocrx_word' id='word_1_16' title='bbox 628 786 659 851; x_wconf 88' lang='lat' dir='ltr'><strong>in</strong></span> <span class='ocrx_word' id='word_1_17' title='bbox 683 786 787 864; x_wconf 80' lang='lat' dir='ltr'><strong>vobis,</strong></span> <span class='ocrx_word' id='word_1_18' title='bbox 821 787 895 850; x_wconf 89' lang='lat' dir='ltr'><strong>olim</strong></span> <span class='ocrx_word' id='word_1_19' title='bbox 925 789 955 847; x_wconf 88' lang='lat' dir='ltr'><strong>in</strong></span> <span class='ocrx_word' id='word_1_20' title='bbox 982 785 1086 848; x_wconf 78' lang='lat' dir='ltr'><strong>edisio</strong></span> <span class='ocrx_word' id='word_1_21' title='bbox 1116 793 1150 848; x_wconf 87' lang='lat' dir='ltr'><strong>et</strong></span> <span class='ocrx_word' id='word_1_22' title='bbox 1180 788 1213 847; x_wconf 84' lang='lat' dir='ltr'><strong>in</strong></span> 
     </span>
     <span class='ocr_line' id='line_1_4' title="bbox 292 868 1216 949; baseline 0.002 -22"><span class='ocrx_word' id='word_1_23' title='bbox 292 868 396 927; x_wconf 84' lang='lat' dir='ltr'><strong>sinere</strong></span> <span class='ocrx_word' id='word_1_24' title='bbox 418 869 639 945; x_wconf 78' lang='lat' dir='ltr'><strong>poenitentium</strong></span> <span class='ocrx_word' id='word_1_25' title='bbox 663 869 808 949; x_wconf 77' lang='lat' dir='ltr'>egissent.</span> <span class='ocrx_word' id='word_1_26' title='bbox 832 870 1041 933; x_wconf 75' lang='lat' dir='ltr'><strong>Veruntemon</strong></span> <span class='ocrx_word' id='word_1_27' title='bbox 1062 868 1137 933; x_wconf 88' lang='lat' dir='ltr'><strong>dioo</strong></span> <span class='ocrx_word' id='word_1_28' title='bbox 1163 887 1216 929; x_wconf 87' lang='lat' dir='ltr'><strong>vo·</strong></span> 
     </span>
     <span class='ocr_line' id='line_1_5' title="bbox 291 948 1215 1029; baseline -0.001 -17"><span class='ocrx_word' id='word_1_29' title='bbox 291 948 348 1026; x_wconf 84' lang='lat' dir='ltr'><strong>bis,</strong></span> <span class='ocrx_word' id='word_1_30' title='bbox 370 948 456 1029; x_wconf 82' lang='lat' dir='ltr'><strong>Tyro</strong></span> <span class='ocrx_word' id='word_1_31' title='bbox 483 960 516 1013; x_wconf 85' lang='lat' dir='ltr'><strong>et</strong></span> <span class='ocrx_word' id='word_1_32' title='bbox 542 950 650 1016; x_wconf 77' lang='lat' dir='ltr'><strong>Sidoni</strong></span> <span class='ocrx_word' id='word_1_33' title='bbox 678 954 839 1019; x_wconf 83' lang='lat' dir='ltr'><strong>remissius</strong></span> <span class='ocrx_word' id='word_1_34' title='bbox 875 954 936 1018; x_wconf 81' lang='lat' dir='ltr'><strong>erit</strong></span> <span class='ocrx_word' id='word_1_35' title='bbox 961 954 992 1017; x_wconf 93' lang='lat' dir='ltr'><strong>in</strong></span> <span class='ocrx_word' id='word_1_36' title='bbox 1022 951 1074 1015; x_wconf 86' lang='lat' dir='ltr'><strong>dis</strong></span> <span class='ocrx_word' id='word_1_37' title='bbox 1099 952 1215 1029; x_wconf 75' lang='lat' dir='ltr'><strong>iudicii,</strong></span> 
     </span>
     <span class='ocr_line' id='line_1_6' title="bbox 290 1032 1214 1116; baseline 0.003 -23"><span class='ocrx_word' id='word_1_38' title='bbox 290 1050 386 1111; x_wconf 74' lang='lat' dir='ltr'><strong>quem</strong></span> <span class='ocrx_word' id='word_1_39' title='bbox 406 1032 506 1098; x_wconf 79' lang='lat' dir='ltr'><strong>robis.</strong></span> <span class='ocrx_word' id='word_1_40' title='bbox 550 1034 618 1101; x_wconf 77' lang='lat' dir='ltr'><strong>Vns</strong></span> <span class='ocrx_word' id='word_1_41' title='bbox 639 1035 693 1099; x_wconf 81' lang='lat' dir='ltr'><strong>tibi</strong></span> <span class='ocrx_word' id='word_1_42' title='bbox 716 1034 928 1116; x_wconf 76' lang='lat' dir='ltr'><strong>Cepernssrn,</strong></span> <span class='ocrx_word' id='word_1_43' title='bbox 952 1052 1036 1116; x_wconf 76' lang='lat' dir='ltr'><strong>quse</strong></span> <span class='ocrx_word' id='word_1_44' title='bbox 1065 1036 1214 1115; x_wconf 82' lang='lat' dir='ltr'><strong>usquein</strong></span> 
     </span>
     <span class='ocr_line' id='line_1_7' title="bbox 290 1116 1214 1198; baseline 0 -19"><span class='ocrx_word' id='word_1_45' title='bbox 290 1116 414 1180; x_wconf 77' lang='lat' dir='ltr'><strong>metum</strong></span> <span class='ocrx_word' id='word_1_46' title='bbox 436 1116 573 1183; x_wconf 74' lang='lat' dir='ltr'><strong>exaltus</strong></span> <span class='ocrx_word' id='word_1_47' title='bbox 594 1136 645 1196; x_wconf 81' lang='lat' dir='ltr'><strong>ee,</strong></span> <span class='ocrx_word' id='word_1_48' title='bbox 675 1137 773 1198; x_wconf 85' lang='lat' dir='ltr'><strong>usque</strong></span> <span class='ocrx_word' id='word_1_49' title='bbox 799 1120 830 1183; x_wconf 89' lang='lat' dir='ltr'><strong>in</strong></span> <span class='ocrx_word' id='word_1_50' title='bbox 853 1118 1005 1183; x_wconf 84' lang='lat' dir='ltr'><strong>infernum</strong></span> <span class='ocrx_word' id='word_1_51' title='bbox 1019 1118 1214 1179; x_wconf 74' lang='lat' dir='ltr'><strong>,descendesz</strong></span> 
     </span>
     <span class='ocr_line' id='line_1_8' title="bbox 292 1199 1214 1284; baseline 0.003 -24"><span class='ocrx_word' id='word_1_52' title='bbox 292 1199 417 1277; x_wconf 82' lang='lat' dir='ltr'><strong>quiesi</strong></span> <span class='ocrx_word' id='word_1_53' title='bbox 444 1199 475 1260; x_wconf 88' lang='lat' dir='ltr'><strong>in</strong></span> <span class='ocrx_word' id='word_1_54' title='bbox 503 1199 648 1263; x_wconf 73' lang='lat' dir='ltr'><strong>Sodomis</strong></span> <span class='ocrx_word' id='word_1_55' title='bbox 673 1201 776 1267; x_wconf 71' lang='lat' dir='ltr'><strong>noue</strong></span> <span class='ocrx_word' id='word_1_56' title='bbox 803 1202 933 1267; x_wconf 77' lang='lat' dir='ltr'><strong>luissent</strong></span> <span class='ocrx_word' id='word_1_57' title='bbox 968 1203 1106 1279; x_wconf 80' lang='lat' dir='ltr'><strong>uirtutes,</strong></span> <span class='ocrx_word' id='word_1_58' title='bbox 1134 1221 1214 1284; x_wconf 82' lang='lat' dir='ltr'><strong>quse</strong></span> 
     </span>
     <span class='ocr_line' id='line_1_9' title="bbox 290 1282 1215 1365; baseline 0.009 -24"><span class='ocrx_word' id='word_1_59' title='bbox 290 1282 393 1345; x_wconf 81' lang='lat' dir='ltr'><strong>sentus</strong></span> <span class='ocrx_word' id='word_1_60' title='bbox 411 1290 486 1343; x_wconf 82' lang='lat' dir='ltr'><strong>sunt</strong></span> <span class='ocrx_word' id='word_1_61' title='bbox 505 1283 536 1345; x_wconf 88' lang='lat' dir='ltr'><strong>in</strong></span> <span class='ocrx_word' id='word_1_62' title='bbox 566 1292 612 1362; x_wconf 80' lang='lat' dir='ltr'><strong>te,</strong></span> <span class='ocrx_word' id='word_1_63' title='bbox 636 1288 714 1350; x_wconf 84' lang='lat' dir='ltr'><strong>forte</strong></span> <span class='ocrx_word' id='word_1_64' title='bbox 737 1286 925 1350; x_wconf 69' lang='lat' dir='ltr'><strong>mansissent</strong></span> <span class='ocrx_word' id='word_1_65' title='bbox 949 1304 1047 1365; x_wconf 84' lang='lat' dir='ltr'><strong>usque</strong></span> <span class='ocrx_word' id='word_1_66' title='bbox 1080 1288 1111 1345; x_wconf 89' lang='lat' dir='ltr'><strong>in</strong></span> <span class='ocrx_word' id='word_1_67' title='bbox 1134 1285 1215 1349; x_wconf 76' lang='lat' dir='ltr'><strong>beno</strong></span> 
     </span>
     <span class='ocr_line' id='line_1_10' title="bbox 290 1364 1214 1447; baseline 0.002 -18"><span class='ocrx_word' id='word_1_68' title='bbox 290 1364 383 1429; x_wconf 73' lang='lat' dir='ltr'><strong>dem.</strong></span> <span class='ocrx_word' id='word_1_69' title='bbox 427 1365 635 1429; x_wconf 73' lang='lat' dir='ltr'><strong>Veruntamen</strong></span> <span class='ocrx_word' id='word_1_70' title='bbox 665 1367 735 1431; x_wconf 86' lang='lat' dir='ltr'><strong>dieo</strong></span> <span class='ocrx_word' id='word_1_71' title='bbox 758 1368 864 1444; x_wconf 80' lang='lat' dir='ltr'><strong>robis,</strong></span> <span class='ocrx_word' id='word_1_72' title='bbox 894 1370 966 1447; x_wconf 85' lang='lat' dir='ltr'><strong>quis</strong></span> <span class='ocrx_word' id='word_1_73' title='bbox 995 1376 1096 1431; x_wconf 85' lang='lat' dir='ltr'><strong>terrse</strong></span> <span class='ocrx_word' id='word_1_74' title='bbox 1116 1367 1214 1435; x_wconf 72' lang='lat' dir='ltr'><strong>dodo</strong></span> 
     </span>
     <span class='ocr_line' id='line_1_11' title="bbox 212 1450 1129 1530; baseline 0 -19"><span class='ocrx_word' id='word_1_75' title='bbox 212 1492 223 1511; x_wconf 45' lang='lat' dir='ltr'><strong>s</strong></span> <span class='ocrx_word' id='word_1_76' title='bbox 290 1466 412 1511; x_wconf 73' lang='lat' dir='ltr'><strong>morum</strong></span> <span class='ocrx_word' id='word_1_77' title='bbox 433 1450 590 1515; x_wconf 77' lang='lat' dir='ltr'><strong>remissius</strong></span> <span class='ocrx_word' id='word_1_78' title='bbox 611 1452 671 1511; x_wconf 84' lang='lat' dir='ltr'><strong>erit</strong></span> <span class='ocrx_word' id='word_1_79' title='bbox 689 1452 721 1513; x_wconf 92' lang='lat' dir='ltr'><strong>in</strong></span> <span class='ocrx_word' id='word_1_80' title='bbox 745 1451 795 1516; x_wconf 87' lang='lat' dir='ltr'><strong>dis</strong></span> <span class='ocrx_word' id='word_1_81' title='bbox 815 1450 929 1526; x_wconf 76' lang='lat' dir='ltr'><strong>indicii,</strong></span> <span class='ocrx_word' id='word_1_82' title='bbox 951 1470 1043 1530; x_wconf 78' lang='lat' dir='ltr'><strong>quum</strong></span> <span class='ocrx_word' id='word_1_83' title='bbox 1064 1450 1129 1513; x_wconf 85' lang='lat' dir='ltr'><strong>tibi.</strong></span> 
     </span>
    </p>

    <p class='ocr_par' dir='ltr' id='par_1_3' title="bbox 288 1530 1215 1927">
     <span class='ocr_line' id='line_1_12' title="bbox 375 1530 1213 1614; baseline 0.005 -23"><span class='ocrx_word' id='word_1_84' title='bbox 375 1530 523 1599; x_wconf 81' lang='lat' dir='ltr'><strong>videmus</strong></span> <span class='ocrx_word' id='word_1_85' title='bbox 545 1550 637 1614; x_wconf 79' lang='lat' dir='ltr'><strong>erg0,</strong></span> <span class='ocrx_word' id='word_1_86' title='bbox 670 1542 818 1613; x_wconf 71' lang='lat' dir='ltr'><strong>questum</strong></span> <span class='ocrx_word' id='word_1_87' title='bbox 851 1534 951 1597; x_wconf 75' lang='lat' dir='ltr'><strong>laudis</strong></span> <span class='ocrx_word' id='word_1_88' title='bbox 972 1541 1008 1599; x_wconf 78' lang='lat' dir='ltr'><strong>st</strong></span> <span class='ocrx_word' id='word_1_89' title='bbox 1026 1534 1213 1597; x_wconf 77' lang='lat' dir='ltr'><strong>sinonis-de-</strong></span> 
     </span>
     <span class='ocr_line' id='line_1_13' title="bbox 288 1614 1214 1696; baseline 0.003 -19"><span class='ocrx_word' id='word_1_90' title='bbox 288 1614 422 1683; x_wconf 75' lang='lat' dir='ltr'><strong>berimus</strong></span> <span class='ocrx_word' id='word_1_91' title='bbox 453 1617 570 1695; x_wconf 78' lang='lat' dir='ltr'><strong>optimo</strong></span> <span class='ocrx_word' id='word_1_92' title='bbox 594 1617 660 1679; x_wconf 87' lang='lat' dir='ltr'><strong>Deo</strong></span> <span class='ocrx_word' id='word_1_93' title='bbox 690 1626 816 1693; x_wconf 87' lang='lat' dir='ltr'><strong>nostro,</strong></span> <span class='ocrx_word' id='word_1_94' title='bbox 852 1620 883 1679; x_wconf 89' lang='lat' dir='ltr'><strong>iu</strong></span> <span class='ocrx_word' id='word_1_95' title='bbox 917 1636 1103 1696; x_wconf 80' lang='lat' dir='ltr'><strong>quoeunque</strong></span> <span class='ocrx_word' id='word_1_96' title='bbox 1132 1618 1214 1687; x_wconf 80' lang='lat' dir='ltr'><strong>mslo</strong></span> 
     </span>
     <span class='ocr_line' id='line_1_14' title="bbox 288 1698 1215 1785; baseline 0.004 -26"><span class='ocrx_word' id='word_1_97' title='bbox 288 1698 381 1763; x_wconf 80' lang='lat' dir='ltr'><strong>buius</strong></span> <span class='ocrx_word' id='word_1_98' title='bbox 401 1699 501 1782; x_wconf 67' lang='lat' dir='ltr'><strong>situs,</strong></span> <span class='ocrx_word' id='word_1_99' title='bbox 526 1699 612 1785; x_wconf 65' lang='lat' dir='ltr'><strong>quod</strong></span> <span class='ocrx_word' id='word_1_100' title='bbox 642 1702 692 1761; x_wconf 82' lang='lat' dir='ltr'><strong>six</strong></span> <span class='ocrx_word' id='word_1_101' title='bbox 717 1701 803 1764; x_wconf 84' lang='lat' dir='ltr'><strong>stille</strong></span> <span class='ocrx_word' id='word_1_102' title='bbox 830 1703 953 1767; x_wconf 76' lang='lat' dir='ltr'><strong>esest</strong></span> <span class='ocrx_word' id='word_1_103' title='bbox 971 1717 1099 1778; x_wconf 64' lang='lat' dir='ltr'><strong>eorum,</strong></span> <span class='ocrx_word' id='word_1_104' title='bbox 1136 1718 1215 1779; x_wconf 76' lang='lat' dir='ltr'><strong>quse</strong></span> 
     </span>
     <span class='ocr_line' id='line_1_15' title="bbox 288 1781 1214 1878; baseline -0.004 -31"><span class='ocrx_word' id='word_1_105' title='bbox 288 1781 526 1878; x_wconf 65' lang='lat' dir='ltr'><strong>meritissimus,</strong></span> <span class='ocrx_word' id='word_1_106' title='bbox 549 1800 628 1862; x_wconf 79' lang='lat' dir='ltr'><strong>quse</strong></span> <span class='ocrx_word' id='word_1_107' title='bbox 650 1784 718 1863; x_wconf 75' lang='lat' dir='ltr'><strong>ipse</strong></span> <span class='ocrx_word' id='word_1_108' title='bbox 740 1784 795 1847; x_wconf 89' lang='lat' dir='ltr'><strong>lob</strong></span> <span class='ocrx_word' id='word_1_109' title='bbox 815 1784 895 1850; x_wconf 78' lang='lat' dir='ltr'><strong>mari</strong></span> <span class='ocrx_word' id='word_1_110' title='bbox 916 1791 1083 1863; x_wconf 75' lang='lat' dir='ltr'><strong>oompmst</strong></span> <span class='ocrx_word' id='word_1_111' title='bbox 1098 1790 1130 1842; x_wconf 86' lang='lat' dir='ltr'><strong>et</strong></span> <span class='ocrx_word' id='word_1_112' title='bbox 1149 1802 1214 1846; x_wconf 75' lang='lat' dir='ltr'><strong>ure</strong></span> 
     </span>
     <span class='ocr_line' id='line_1_16' title="bbox 290 1882 477 1927; baseline 0.005 -1"><span class='ocrx_word' id='word_1_113' title='bbox 290 1883 349 1927; x_wconf 85' lang='lat' dir='ltr'><strong>nse</strong></span> <span class='ocrx_word' id='word_1_114' title='bbox 373 1882 477 1927; x_wconf 72' lang='lat' dir='ltr'><strong>murro.</strong></span> 
     </span>
    </p>
   </div>
   <div class='ocr_carea' id='block_1_3' title="bbox 291 2029 1214 2179">
    <p class='ocr_par' dir='ltr' id='par_1_4' title="bbox 291 2029 1214 2179">
     <span class='ocr_line' id='line_1_17' title="bbox 291 2029 1214 2111; baseline 0.007 -20"><span class='ocrx_word' id='word_1_115' title='bbox 291 2029 422 2111; x_wconf 77' lang='lat' dir='ltr'><strong>Ospnt</strong></span> <span class='ocrx_word' id='word_1_116' title='bbox 447 2030 480 2094; x_wconf 91' lang='lat' dir='ltr'><strong>V.</strong></span> <span class='ocrx_word' id='word_1_117' title='bbox 504 2030 549 2091; x_wconf 84' lang='lat' dir='ltr'><strong>de</strong></span> <span class='ocrx_word' id='word_1_118' title='bbox 570 2038 731 2111; x_wconf 68' lang='lat' dir='ltr'><strong>spectro</strong></span> <span class='ocrx_word' id='word_1_119' title='bbox 754 2032 915 2111; x_wconf 82' lang='lat' dir='ltr'><strong>quinto,</strong></span> <span class='ocrx_word' id='word_1_120' title='bbox 936 2030 1037 2111; x_wconf 83' lang='lat' dir='ltr'><strong>quod</strong></span> <span class='ocrx_word' id='word_1_121' title='bbox 1059 2039 1121 2095; x_wconf 86' lang='lat' dir='ltr'><strong>est</strong></span> <span class='ocrx_word' id='word_1_122' title='bbox 1138 2050 1214 2097; x_wconf 79' lang='lat' dir='ltr'><strong>ms·</strong></span> 
     </span>
     <span class='ocr_line' id='line_1_18' title="bbox 405 2110 1107 2179; baseline 0.007 -6"><span class='ocrx_word' id='word_1_123' title='bbox 405 2110 483 2178; x_wconf 79' lang='lat' dir='ltr'><strong>lum</strong></span> <span class='ocrx_word' id='word_1_124' title='bbox 506 2114 707 2179; x_wconf 82' lang='lat' dir='ltr'><strong>sinistrum</strong></span> <span class='ocrx_word' id='word_1_125' title='bbox 728 2134 801 2177; x_wconf 85' lang='lat' dir='ltr'><strong>seu</strong></span> <span class='ocrx_word' id='word_1_126' title='bbox 823 2114 868 2179; x_wconf 86' lang='lat' dir='ltr'><strong>sd</strong></span> <span class='ocrx_word' id='word_1_127' title='bbox 890 2116 1107 2178; x_wconf 63' lang='lat' dir='ltr'><strong>sinistrum.</strong></span> 
     </span>
    </p>
   </div>
   <div class='ocr_carea' id='block_1_4' title="bbox 285 2244 1215 3327">
    <p class='ocr_par' dir='ltr' id='par_1_5' title="bbox 285 2244 1215 3327">
     <span class='ocr_line' id='line_1_19' title="bbox 307 2244 1213 2331; baseline 0.002 -25"><span class='ocrx_word' id='word_1_128' title='bbox 307 2244 311 2255; x_wconf 89' lang='lat'>&#39;</span> <span class='ocrx_word' id='word_1_129' title='bbox 373 2244 431 2307; x_wconf 86' lang='lat' dir='ltr'><strong>llio</strong></span> <span class='ocrx_word' id='word_1_130' title='bbox 453 2254 526 2308; x_wconf 83' lang='lat' dir='ltr'><strong>ente</strong></span> <span class='ocrx_word' id='word_1_131' title='bbox 548 2249 655 2309; x_wconf 85' lang='lat' dir='ltr'><strong>oeulos</strong></span> <span class='ocrx_word' id='word_1_132' title='bbox 678 2249 840 2331; x_wconf 79' lang='lat' dir='ltr'><strong>ponendus</strong></span> <span class='ocrx_word' id='word_1_133' title='bbox 870 2250 1009 2310; x_wconf 84' lang='lat' dir='ltr'><strong>oumulue</strong></span> <span class='ocrx_word' id='word_1_134' title='bbox 1032 2248 1084 2310; x_wconf 86' lang='lat' dir='ltr'><strong>ille</strong></span> <span class='ocrx_word' id='word_1_135' title='bbox 1106 2244 1213 2310; x_wconf 69' lang='lat' dir='ltr'><strong>ad&#39;ver·</strong></span> 
     </span>
     <span class='ocr_line' id='line_1_20' title="bbox 290 2330 1214 2413; baseline 0.002 -24"><span class='ocrx_word' id='word_1_136' title='bbox 290 2330 440 2391; x_wconf 85' lang='lat' dir='ltr'><strong>seriorum</strong></span> <span class='ocrx_word' id='word_1_137' title='bbox 464 2338 495 2391; x_wconf 84' lang='lat' dir='ltr'><strong>et</strong></span> <span class='ocrx_word' id='word_1_138' title='bbox 518 2330 665 2392; x_wconf 82' lang='lat' dir='ltr'><strong>malorum</strong></span> <span class='ocrx_word' id='word_1_139' title='bbox 688 2330 863 2410; x_wconf 85' lang='lat' dir='ltr'><strong>hominnm,</strong></span> <span class='ocrx_word' id='word_1_140' title='bbox 886 2339 918 2393; x_wconf 86' lang='lat' dir='ltr'><strong>et</strong></span> <span class='ocrx_word' id='word_1_141' title='bbox 940 2333 969 2393; x_wconf 91' lang='lat' dir='ltr'><strong>in</strong></span> <span class='ocrx_word' id='word_1_142' title='bbox 993 2334 1029 2393; x_wconf 83' lang='lat' dir='ltr'><strong>iis</strong></span> <span class='ocrx_word' id='word_1_143' title='bbox 1051 2334 1149 2413; x_wconf 90' lang='lat' dir='ltr'><strong>primo</strong></span> <span class='ocrx_word' id='word_1_144' title='bbox 1172 2334 1214 2392; x_wconf 87' lang='lat' dir='ltr'><strong>vi·</strong></span> 
     </span>
     <span class='ocr_line' id='line_1_21' title="bbox 290 2413 1214 2499; baseline 0 -24"><span class='ocrx_word' id='word_1_145' title='bbox 290 2413 441 2491; x_wconf 89' lang='lat' dir='ltr'><strong>dendum,</strong></span> <span class='ocrx_word' id='word_1_146' title='bbox 465 2421 542 2493; x_wconf 91' lang='lat' dir='ltr'><strong>quot</strong></span> <span class='ocrx_word' id='word_1_147' title='bbox 562 2416 643 2476; x_wconf 82' lang='lat' dir='ltr'><strong>mela</strong></span> <span class='ocrx_word' id='word_1_148' title='bbox 666 2436 729 2477; x_wconf 93' lang='lat' dir='ltr'><strong>non</strong></span> <span class='ocrx_word' id='word_1_149' title='bbox 752 2416 922 2477; x_wconf 90' lang='lat' dir='ltr'><strong>intulerunt</strong></span> <span class='ocrx_word' id='word_1_150' title='bbox 949 2416 1087 2499; x_wconf 80' lang='lat' dir='ltr'><strong>corpori,</strong></span> <span class='ocrx_word' id='word_1_151' title='bbox 1112 2413 1214 2492; x_wconf 87' lang='lat' dir='ltr'><strong>rebus,</strong></span> 
     </span>
     <span class='ocr_line' id='line_1_22' title="bbox 287 2496 1214 2583; baseline 0.002 -26"><span class='ocrx_word' id='word_1_152' title='bbox 287 2496 406 2575; x_wconf 79' lang='lat' dir='ltr'><strong>lemae,</strong></span> <span class='ocrx_word' id='word_1_153' title='bbox 428 2496 587 2558; x_wconf 80' lang='lat' dir='ltr'><strong>animabus</strong></span> <span class='ocrx_word' id='word_1_154' title='bbox 611 2500 740 2579; x_wconf 87' lang='lat' dir='ltr'><strong>nostrie,</strong></span> <span class='ocrx_word' id='word_1_155' title='bbox 774 2519 854 2583; x_wconf 81' lang='lat' dir='ltr'><strong>quse</strong></span> <span class='ocrx_word' id='word_1_156' title='bbox 891 2498 1063 2561; x_wconf 80' lang='lat' dir='ltr'><strong>volnissent</strong></span> <span class='ocrx_word' id='word_1_157' title='bbox 1092 2499 1214 2575; x_wconf 84' lang='lat' dir='ltr'><strong>inferre,</strong></span> 
     </span>
     <span class='ocr_line' id='line_1_23' title="bbox 287 2576 1213 2665; baseline 0.001 -25"><span class='ocrx_word' id='word_1_158' title='bbox 287 2581 345 2640; x_wconf 90' lang='lat' dir='ltr'><strong>niei</strong></span> <span class='ocrx_word' id='word_1_159' title='bbox 376 2578 444 2640; x_wconf 89' lang='lat' dir='ltr'><strong>Deo</strong></span> <span class='ocrx_word' id='word_1_160' title='bbox 477 2576 662 2661; x_wconf 73' lang='lat' dir='ltr'><strong>disponente</strong></span> <span class='ocrx_word' id='word_1_161' title='bbox 694 2602 756 2647; x_wconf 91' lang='lat' dir='ltr'><strong>non</strong></span> <span class='ocrx_word' id='word_1_162' title='bbox 790 2585 972 2665; x_wconf 88' lang='lat' dir='ltr'><strong>potuissent.</strong></span> <span class='ocrx_word' id='word_1_163' title='bbox 1025 2580 1066 2643; x_wconf 81' lang='lat' dir='ltr'><strong>El</strong></span> <span class='ocrx_word' id='word_1_164' title='bbox 1098 2590 1213 2663; x_wconf 83' lang='lat' dir='ltr'><strong>quanto</strong></span> 
     </span>
     <span class='ocr_line' id='line_1_24' title="bbox 288 2660 1213 2747; baseline 0.003 -24"><span class='ocrx_word' id='word_1_165' title='bbox 288 2666 355 2745; x_wconf 83' lang='lat' dir='ltr'><strong>quis</strong></span> <span class='ocrx_word' id='word_1_166' title='bbox 380 2664 411 2723; x_wconf 92' lang='lat' dir='ltr'><strong>in</strong></span> <span class='ocrx_word' id='word_1_167' title='bbox 434 2662 564 2724; x_wconf 85' lang='lat' dir='ltr'><strong>oeleiore</strong></span> <span class='ocrx_word' id='word_1_168' title='bbox 587 2664 658 2725; x_wconf 83' lang='lat' dir='ltr'><strong>loeo</strong></span> <span class='ocrx_word' id='word_1_169' title='bbox 681 2662 777 2743; x_wconf 86' lang='lat' dir='ltr'><strong>sedet,</strong></span> <span class='ocrx_word' id='word_1_170' title='bbox 800 2674 831 2727; x_wconf 85' lang='lat' dir='ltr'><strong>et</strong></span> <span class='ocrx_word' id='word_1_171' title='bbox 852 2666 942 2727; x_wconf 81' lang='lat' dir='ltr'><strong>letius</strong></span> <span class='ocrx_word' id='word_1_172' title='bbox 966 2673 1093 2747; x_wconf 82' lang='lat' dir='ltr'><strong>regnat,</strong></span> <span class='ocrx_word' id='word_1_173' title='bbox 1128 2660 1213 2726; x_wconf 84' lang='lat' dir='ltr'><strong>tento</strong></span> 
     </span>
     <span class='ocr_line' id='line_1_25' title="bbox 287 2746 1211 2827; baseline 0.004 -22"><span class='ocrx_word' id='word_1_174' title='bbox 287 2746 425 2827; x_wconf 84' lang='lat' dir='ltr'><strong>pluribus</strong></span> <span class='ocrx_word' id='word_1_175' title='bbox 448 2746 597 2815; x_wconf 78' lang='lat' dir='ltr'><strong>eiusmodi</strong></span> <span class='ocrx_word' id='word_1_176' title='bbox 620 2746 865 2810; x_wconf 77' lang='lat' dir='ltr'><strong>adversariorum</strong></span> <span class='ocrx_word' id='word_1_177' title='bbox 890 2746 1025 2827; x_wconf 85' lang='lat' dir='ltr'><strong>insidiis,</strong></span> <span class='ocrx_word' id='word_1_178' title='bbox 1049 2748 1211 2825; x_wconf 79' lang='lat' dir='ltr'><strong>mnolrinis,</strong></span> 
     </span>
     <span class='ocr_line' id='line_1_26' title="bbox 288 2825 1212 2913; baseline 0 -22"><span class='ocrx_word' id='word_1_179' title='bbox 288 2828 539 2891; x_wconf 82' lang='lat' dir='ltr'><strong>oblocutionibus</strong></span> <span class='ocrx_word' id='word_1_180' title='bbox 572 2836 603 2893; x_wconf 85' lang='lat' dir='ltr'><strong>et</strong></span> <span class='ocrx_word' id='word_1_181' title='bbox 635 2832 854 2894; x_wconf 81' lang='lat' dir='ltr'><strong>tentationibus</strong></span> <span class='ocrx_word' id='word_1_182' title='bbox 887 2840 934 2892; x_wconf 88' lang='lat' dir='ltr'><strong>est</strong></span> <span class='ocrx_word' id='word_1_183' title='bbox 966 2829 1142 2913; x_wconf 61' lang='lat' dir='ltr'><strong>expositus?</strong></span> <span class='ocrx_word' id='word_1_184' title='bbox 1183 2825 1212 2891; x_wconf 87' lang='lat' dir='ltr'><strong>in</strong></span> 
     </span>
     <span class='ocr_line' id='line_1_27' title="bbox 288 2910 1215 2995; baseline 0.001 -22"><span class='ocrx_word' id='word_1_185' title='bbox 288 2914 398 2995; x_wconf 88' lang='lat' dir='ltr'><strong>quibus</strong></span> <span class='ocrx_word' id='word_1_186' title='bbox 424 2912 564 2985; x_wconf 88' lang='lat' dir='ltr'><strong>omnibus</strong></span> <span class='ocrx_word' id='word_1_187' title='bbox 586 2916 870 2994; x_wconf 80' lang='lat' dir='ltr'><strong>praesentissimam</strong></span> <span class='ocrx_word' id='word_1_188' title='bbox 892 2914 948 2975; x_wconf 88' lang='lat' dir='ltr'><strong>Dei</strong></span> <span class='ocrx_word' id='word_1_189' title='bbox 982 2910 1114 2975; x_wconf 76' lang='lat' dir='ltr'><strong>manunt</strong></span> <span class='ocrx_word' id='word_1_190' title='bbox 1142 2915 1215 2975; x_wconf 87' lang='lat' dir='ltr'><strong>lioet</strong></span> 
     </span>
     <span class='ocr_line' id='line_1_28' title="bbox 287 2996 1214 3079; baseline 0 -24"><span class='ocrx_word' id='word_1_191' title='bbox 287 2996 462 3079; x_wconf 84' lang='lat' dir='ltr'><strong>intelligere</strong></span> <span class='ocrx_word' id='word_1_192' title='bbox 484 3004 516 3057; x_wconf 87' lang='lat' dir='ltr'><strong>et</strong></span> <span class='ocrx_word' id='word_1_193' title='bbox 537 2998 678 3079; x_wconf 87' lang='lat' dir='ltr'><strong>experiri.</strong></span> <span class='ocrx_word' id='word_1_194' title='bbox 722 2998 802 3075; x_wconf 78' lang='lat' dir='ltr'><strong>Quid</strong></span> <span class='ocrx_word' id='word_1_195' title='bbox 840 3017 915 3078; x_wconf 84' lang='lat' dir='ltr'><strong>ergo</strong></span> <span class='ocrx_word' id='word_1_196' title='bbox 938 2998 1066 3076; x_wconf 87' lang='lat' dir='ltr'><strong>mirum,</strong></span> <span class='ocrx_word' id='word_1_197' title='bbox 1098 2998 1122 3056; x_wconf 88' lang='lat' dir='ltr'><strong>si</strong></span> <span class='ocrx_word' id='word_1_198' title='bbox 1153 3017 1214 3056; x_wconf 93' lang='lat' dir='ltr'><strong>nno</strong></span> 
     </span>
     <span class='ocr_line' id='line_1_29' title="bbox 290 3077 1173 3162; baseline 0.005 -23"><span class='ocrx_word' id='word_1_199' title='bbox 290 3079 459 3160; x_wconf 79' lang='lat' dir='ltr'><strong>aliquando</strong></span> <span class='ocrx_word' id='word_1_200' title='bbox 483 3078 665 3162; x_wconf 73' lang='lat' dir='ltr'><strong>tangamur?</strong></span> <span class='ocrx_word' id='word_1_201' title='bbox 948 3081 952 3091; x_wconf 87' lang='lat'><em>&#39;</em></span> <span class='ocrx_word' id='word_1_202' title='bbox 1170 3077 1173 3083; x_wconf 76' lang='grc'><strong>’</strong></span> 
     </span>
     <span class='ocr_line' id='line_1_30' title="bbox 371 3157 1212 3248; baseline -0.004 -25"><span class='ocrx_word' id='word_1_203' title='bbox 371 3162 490 3223; x_wconf 84' lang='lat' dir='ltr'><strong>Deinde</strong></span> <span class='ocrx_word' id='word_1_204' title='bbox 513 3171 669 3225; x_wconf 88' lang='lat' dir='ltr'><strong>eteorum</strong></span> <span class='ocrx_word' id='word_1_205' title='bbox 701 3166 828 3248; x_wconf 85' lang='lat' dir='ltr'><strong>proprio</strong></span> <span class='ocrx_word' id='word_1_206' title='bbox 860 3163 941 3222; x_wconf 85' lang='lat' dir='ltr'><strong>mels</strong></span> <span class='ocrx_word' id='word_1_207' title='bbox 969 3167 1041 3223; x_wconf 86' lang='lat' dir='ltr'><strong>eunt</strong></span> <span class='ocrx_word' id='word_1_208' title='bbox 1068 3157 1212 3238; x_wconf 81' lang='lat' dir='ltr'><strong>videnda,</strong></span> 
     </span>
     <span class='ocr_line' id='line_1_31' title="bbox 285 3241 1213 3327; baseline -0.004 -19"><span class='ocrx_word' id='word_1_209' title='bbox 285 3265 351 3308; x_wconf 88' lang='lat' dir='ltr'><strong>non</strong></span> <span class='ocrx_word' id='word_1_210' title='bbox 378 3247 462 3307; x_wconf 87' lang='lat' dir='ltr'><strong>utin</strong></span> <span class='ocrx_word' id='word_1_211' title='bbox 485 3247 530 3307; x_wconf 88' lang='lat' dir='ltr'><strong>eis</strong></span> <span class='ocrx_word' id='word_1_212' title='bbox 545 3244 582 3325; x_wconf 66' lang='grc' dir='ltr'><strong>Ι)</strong></span> <span class='ocrx_word' id='word_1_213' title='bbox 599 3247 805 3327; x_wconf 82' lang='lat' dir='ltr'><strong>exsultemus,</strong></span> <span class='ocrx_word' id='word_1_214' title='bbox 839 3245 893 3307; x_wconf 86' lang='lat' dir='ltr'><strong>sed</strong></span> <span class='ocrx_word' id='word_1_215' title='bbox 929 3253 960 3306; x_wconf 91' lang='lat' dir='ltr'><strong>ut</strong></span> <span class='ocrx_word' id='word_1_216' title='bbox 982 3241 1213 3327; x_wconf 82' lang='lat' dir='ltr'><strong>compatiemur.</strong></span> 
     </span>
    </p>
   </div>
   <div class='ocr_carea' id='block_1_5' title="bbox 285 3329 1313 3412">
    <p class='ocr_par' dir='ltr' id='par_1_6' title="bbox 285 3329 1313 3412">
     <span class='ocr_line' id='line_1_32' title="bbox 285 3329 1313 3412; baseline -0.003 -22"><span class='ocrx_word' id='word_1_217' title='bbox 285 3330 367 3390; x_wconf 77' lang='lat' dir='ltr'><strong>Sunt</strong></span> <span class='ocrx_word' id='word_1_218' title='bbox 385 3333 490 3389; x_wconf 82' lang='lat' dir='ltr'><strong>eutem</strong></span> <span class='ocrx_word' id='word_1_219' title='bbox 514 3334 545 3390; x_wconf 87' lang='lat' dir='ltr'><strong>et</strong></span> <span class='ocrx_word' id='word_1_220' title='bbox 565 3331 624 3411; x_wconf 88' lang='lat' dir='ltr'><strong>ipsi</strong></span> <span class='ocrx_word' id='word_1_221' title='bbox 658 3329 774 3392; x_wconf 86' lang='lat' dir='ltr'><strong>eisdem</strong></span> <span class='ocrx_word' id='word_1_222' title='bbox 804 3330 892 3412; x_wconf 83' lang='lat' dir='ltr'><strong>malie</strong></span> <span class='ocrx_word' id='word_1_223' title='bbox 915 3330 1057 3391; x_wconf 89' lang='lat' dir='ltr'><strong>omnibus</strong></span> <span class='ocrx_word' id='word_1_224' title='bbox 1078 3347 1213 3391; x_wconf 81' lang='lat' dir='ltr'><strong>commu·</strong></span> <span class='ocrx_word' id='word_1_225' title='bbox 1310 3360 1313 3363; x_wconf 40' lang='lat'><strong>⁴</strong></span> 
     </span>
    </p>
   </div>
   <div class='ocr_carea' id='block_1_6' title="bbox 286 3412 1215 3914">
    <p class='ocr_par' dir='ltr' id='par_1_7' title="bbox 286 3412 1215 3914">
     <span class='ocr_line' id='line_1_33' title="bbox 286 3412 1214 3495; baseline -0.003 -22"><span class='ocrx_word' id='word_1_226' title='bbox 286 3414 367 3473; x_wconf 91' lang='lat' dir='ltr'><strong>niter</strong></span> <span class='ocrx_word' id='word_1_227' title='bbox 390 3412 534 3493; x_wconf 69' lang='lat' dir='ltr'><strong>expositi,</strong></span> <span class='ocrx_word' id='word_1_228' title='bbox 558 3413 666 3493; x_wconf 89' lang='lat' dir='ltr'><strong>quibus</strong></span> <span class='ocrx_word' id='word_1_229' title='bbox 689 3434 763 3495; x_wconf 86' lang='lat' dir='ltr'><strong>nos,</strong></span> <span class='ocrx_word' id='word_1_230' title='bbox 786 3415 871 3473; x_wconf 89' lang='lat' dir='ltr'><strong>utin</strong></span> <span class='ocrx_word' id='word_1_231' title='bbox 893 3412 1060 3495; x_wconf 80' lang='lat' dir='ltr'><strong>praedietis</strong></span> <span class='ocrx_word' id='word_1_232' title='bbox 1082 3412 1214 3492; x_wconf 80' lang='lat' dir='ltr'><strong>spe‘otrie</strong></span> 
     </span>
     <span class='ocr_line' id='line_1_34' title="bbox 286 3493 1212 3567; baseline -0.002 -12"><span class='ocrx_word' id='word_1_233' title='bbox 286 3493 380 3557; x_wconf 78' lang='lat' dir='ltr'><strong>laoile</strong></span> <span class='ocrx_word' id='word_1_234' title='bbox 403 3504 451 3556; x_wconf 83' lang='lat' dir='ltr'><strong>est</strong></span> <span class='ocrx_word' id='word_1_235' title='bbox 471 3496 591 3557; x_wconf 86' lang='lat' dir='ltr'><strong>intueri.</strong></span> <span class='ocrx_word' id='word_1_236' title='bbox 633 3493 748 3567; x_wconf 85' lang='lat' dir='ltr'><strong>Verum</strong></span> <span class='ocrx_word' id='word_1_237' title='bbox 770 3499 802 3558; x_wconf 93' lang='lat' dir='ltr'><strong>in</strong></span> <span class='ocrx_word' id='word_1_238' title='bbox 824 3495 884 3558; x_wconf 88' lang='lat' dir='ltr'><strong>hoo</strong></span> <span class='ocrx_word' id='word_1_239' title='bbox 906 3496 997 3557; x_wconf 87' lang='lat' dir='ltr'><strong>nobis</strong></span> <span class='ocrx_word' id='word_1_240' title='bbox 1026 3502 1096 3555; x_wconf 86' lang='lat' dir='ltr'><strong>sunt</strong></span> <span class='ocrx_word' id='word_1_241' title='bbox 1125 3495 1212 3554; x_wconf 86' lang='lat' dir='ltr'><strong>mise-</strong></span> 
     </span>
     <span class='ocr_line' id='line_1_35' title="bbox 289 3574 1214 3661; baseline -0.003 -22"><span class='ocrx_word' id='word_1_242' title='bbox 289 3580 398 3657; x_wconf 83' lang='lat' dir='ltr'><strong>riores,</strong></span> <span class='ocrx_word' id='word_1_243' title='bbox 420 3578 502 3661; x_wconf 86' lang='lat' dir='ltr'><strong>qnod</strong></span> <span class='ocrx_word' id='word_1_244' title='bbox 526 3574 612 3640; x_wconf 70' lang='lat' dir='ltr'><strong>extro</strong></span> <span class='ocrx_word' id='word_1_245' title='bbox 640 3580 822 3641; x_wconf 85' lang='lat' dir='ltr'><strong>sooietstem</strong></span> <span class='ocrx_word' id='word_1_246' title='bbox 857 3586 995 3641; x_wconf 82' lang='lat' dir='ltr'><strong>nostram</strong></span> <span class='ocrx_word' id='word_1_247' title='bbox 1026 3583 1113 3657; x_wconf 81' lang='lat' dir='ltr'><strong>eunt,</strong></span> <span class='ocrx_word' id='word_1_248' title='bbox 1152 3585 1214 3637; x_wconf 82' lang='lat' dir='ltr'><strong>tarn</strong></span> 
     </span>
     <span class='ocr_line' id='line_1_36' title="bbox 289 3660 1215 3745; baseline -0.002 -24"><span class='ocrx_word' id='word_1_249' title='bbox 289 3662 484 3745; x_wconf 80' lang='lat' dir='ltr'><strong>corporalem</strong></span> <span class='ocrx_word' id='word_1_250' title='bbox 507 3680 599 3741; x_wconf 83' lang='lat' dir='ltr'><strong>quam</strong></span> <span class='ocrx_word' id='word_1_251' title='bbox 621 3662 821 3743; x_wconf 85' lang='lat' dir='ltr'><strong>spiritualem.</strong></span> <span class='ocrx_word' id='word_1_252' title='bbox 864 3662 947 3723; x_wconf 88' lang='lat' dir='ltr'><strong>Nihil</strong></span> <span class='ocrx_word' id='word_1_253' title='bbox 980 3666 1027 3723; x_wconf 85' lang='lat' dir='ltr'><strong>eet</strong></span> <span class='ocrx_word' id='word_1_254' title='bbox 1049 3664 1130 3721; x_wconf 81' lang='lat' dir='ltr'><strong>enim</strong></span> <span class='ocrx_word' id='word_1_255' title='bbox 1153 3660 1215 3720; x_wconf 89' lang='lat' dir='ltr'><strong>boo</strong></span> 
     </span>
     <span class='ocr_line' id='line_1_37' title="bbox 289 3743 1215 3827; baseline -0.003 -22"><span class='ocrx_word' id='word_1_256' title='bbox 289 3746 415 3821; x_wconf 82' lang='lat' dir='ltr'><strong>melum,</strong></span> <span class='ocrx_word' id='word_1_257' title='bbox 437 3746 519 3826; x_wconf 90' lang='lat' dir='ltr'><strong>quod</strong></span> <span class='ocrx_word' id='word_1_258' title='bbox 542 3746 689 3827; x_wconf 81' lang='lat' dir='ltr'><strong>petimur,</strong></span> <span class='ocrx_word' id='word_1_259' title='bbox 711 3745 749 3807; x_wconf 83' lang='lat' dir='ltr'><strong>sd</strong></span> <span class='ocrx_word' id='word_1_260' title='bbox 769 3746 867 3825; x_wconf 91' lang='lat' dir='ltr'><strong>illud,</strong></span> <span class='ocrx_word' id='word_1_261' title='bbox 902 3745 985 3826; x_wconf 91' lang='lat' dir='ltr'><strong>qnod</strong></span> <span class='ocrx_word' id='word_1_262' title='bbox 1016 3743 1059 3804; x_wconf 89' lang='lat' dir='ltr'><strong>illi</strong></span> <span class='ocrx_word' id='word_1_263' title='bbox 1092 3748 1163 3803; x_wconf 88' lang='lat' dir='ltr'><strong>eunt</strong></span> <span class='ocrx_word' id='word_1_264' title='bbox 1185 3744 1215 3803; x_wconf 91' lang='lat' dir='ltr'><strong>in</strong></span> 
     </span>
     <span class='ocr_line' id='line_1_38' title="bbox 288 3824 1215 3914; baseline -0.004 -24"><span class='ocrx_word' id='word_1_265' title='bbox 288 3830 437 3909; x_wconf 86' lang='lat' dir='ltr'><strong>peooetie,</strong></span> <span class='ocrx_word' id='word_1_266' title='bbox 457 3826 488 3888; x_wconf 88' lang='lat' dir='ltr'><strong>in</strong></span> <span class='ocrx_word' id='word_1_267' title='bbox 511 3826 709 3914; x_wconf 80' lang='lat' dir='ltr'><strong>infidelitate,</strong></span> <span class='ocrx_word' id='word_1_268' title='bbox 738 3828 795 3890; x_wconf 86' lang='lat' dir='ltr'><strong>sub</strong></span> <span class='ocrx_word' id='word_1_269' title='bbox 826 3830 872 3891; x_wconf 85' lang='lat' dir='ltr'><strong>ire</strong></span> <span class='ocrx_word' id='word_1_270' title='bbox 893 3828 969 3907; x_wconf 86' lang='lat' dir='ltr'><strong>Dei,</strong></span> <span class='ocrx_word' id='word_1_271' title='bbox 1008 3824 1063 3887; x_wconf 89' lang='lat' dir='ltr'><strong>sub</strong></span> <span class='ocrx_word' id='word_1_272' title='bbox 1085 3826 1215 3908; x_wconf 86' lang='lat' dir='ltr'><strong>imperio</strong></span> 
     </span>
    </p>
   </div>
   <div class='ocr_carea' id='block_1_7' title="bbox 324 3980 730 4087">
    <p class='ocr_par' dir='ltr' id='par_1_8' title="bbox 324 3980 730 4087">
     <span class='ocr_line' id='line_1_39' title="bbox 324 3980 730 4087; baseline -0.007 -32"><span class='ocrx_word' id='word_1_273' title='bbox 324 3980 327 3985; x_wconf 31' lang='lat'>¹</span> <span class='ocrx_word' id='word_1_274' title='bbox 361 3997 393 4067; x_wconf 72' lang='lat'><strong>1¹)</strong></span> <span class='ocrx_word' id='word_1_275' title='bbox 417 3996 448 4084; x_wconf 85' lang='lat' dir='ltr'><strong>In</strong></span> <span class='ocrx_word' id='word_1_276' title='bbox 467 3998 511 4078; x_wconf 78' lang='lat' dir='ltr'><strong>ed.</strong></span> <span class='ocrx_word' id='word_1_277' title='bbox 533 3998 662 4087; x_wconf 30' lang='lat' dir='ltr'><strong>lenm&#39;nt</strong></span> <span class='ocrx_word' id='word_1_278' title='bbox 679 4002 730 4053; x_wconf 85' lang='lat' dir='ltr'><strong>eis.</strong></span> 
     </span>
    </p>
   </div>
   <div class='ocr_carea' id='block_1_8' title="bbox 944 4003 1109 4131">
    <p class='ocr_par' dir='ltr' id='par_1_9' title="bbox 944 4003 1109 4131">
     <span class='ocr_line' id='line_1_40' title="bbox 944 4003 1109 4131; baseline 0.024 -46"><span class='ocrx_word' id='word_1_279' title='bbox 944 4003 1005 4131; x_wconf 71' lang='lat'><strong>.·,„</strong></span> <span class='ocrx_word' id='word_1_280' title='bbox 1104 4076 1109 4089; x_wconf 90' lang='lat'><em>.</em></span> 
     </span>
    </p>
   </div>
   <div class='ocr_carea' id='block_1_9' title="bbox 0 0 1584 4792">
    <p class='ocr_par' dir='ltr' id='par_1_10' title="bbox 0 0 1584 4792">
     <span class='ocr_line' id='line_1_41' title="bbox 0 0 1584 4792; baseline 0 0"><span class='ocrx_word' id='word_1_281' title='bbox 0 0 1584 4792; x_wconf 95' lang='lat' dir='ltr'><strong> </strong></span> 
     </span>
    </p>
   </div>
  </div>
 </body>
</html>
