3159 4792
329 505 372 573 30
564 509 607 563 Ad
625 507 839 580 &quomdam
850 509 1034 565 Emsrunm

331 703 395 759 turn
425 696 572 757 animalis
603 697 729 759 veneis.
779 695 883 771 erors
911 696 990 757 dent
1015 696 1048 757 in
1075 696 1172 757 veteri
1198 694 1255 755 tuit

329 798 408 841 unus
430 798 585 856 summus,
614 797 676 841 non
699 778 760 840 duo
782 780 912 857 summi,
941 798 1000 840 neo
1020 779 1100 839 ullus
1122 780 1254 839 vicanus

331 864 443 924 summi
463 851 653 924 saoeidotisz-
676 863 720 923 ita
750 869 783 923 et
803 864 834 923 in
857 881 941 924 novo
964 863 1102 943 oportuit
1122 860 1200 939 fieri,
1220 866 1256 921 ut

330 944 448 1026 figurae
472 947 584 1007 veritos
607 945 825 1024 responderet,
859 953 890 1007 et
918 952 1078 1007 oonsteret
1101 964 1254 1005 summum

330 1027 523 1091 saosrdotem
552 1028 665 1089 veteris
687 1028 878 1089 Testamenti
908 1047 971 1091 non
993 1027 1087 1089 modo
1110 1046 1173 1088 non
1198 1045 1254 1107 pro

331 1112 512 1174 monarchia
532 1112 622 1173 Rom.
644 1111 815 1192 pontificis,
847 1111 903 1173 ssd
929 1113 1067 1175 omnium
1089 1111 1255 1172 tordssime

279 1264 284 1273 ‚
330 1203 437 1256 eontra
459 1195 669 1271 samralsre,
701 1194 835 1274 denique
863 1196 968 1256 omnia
997 1214 1076 1275 qnae
1102 1195 1133 1253 in
1157 1194 1254 1254 veteri

331 1275 478 1359 pontifice
489 1277 707 1339 adumbrantur
729 1280 873 1358 mysteria
895 1278 971 1339 nulli
991 1280 1051 1339 nisi
1067 1279 1119 1339 uni
1129 1276 1254 1337 Christo

331 1362 498 1423 eonvenite
520 1369 659 1442 possunt.

412 1443 569 1506 Habemus
600 1462 674 1524 ergo
703 1444 921 1523 gratitudinem
950 1462 1103 1505 novorum
1134 1442 1254 1504 thesio*

329 1546 457 1608 gerum,
479 1529 531 1607 qui
552 1525 742 1588 fastidientes
769 1527 955 1607 ingloriam
979 1530 1050 1587 novi
1074 1528 1250 1593 testamenti

329 1610 444 1674 habers
465 1609 561 1672 fllium
583 1610 642 1671 Dei
663 1618 803 1671 sanetum
826 1610 1041 1689 moneam,
1070 1607 1250 1690 pontifloem

329 1695 441 1756 ueteris
462 1694 662 1770 Testamenti,
683 1694 877 1774 praeeligunt
897 1694 1027 1773 gloriam
1054 1696 1085 1753 in
1110 1692 1174 1753 tilio
1197 1693 1253 1753 ho-

331 1778 420 1838 minis
442 1784 607 1858 pesestore
628 1776 811 1854 monaroha,
846 1795 938 1856 quam
960 1794 1027 1836 eum
1051 1776 1090 1837 sd
1114 1776 1254 1857 spiritum

330 1860 407 1921 nibil
428 1861 660 1921 volsrsoertum
681 1861 730 1939 sit,
753 1870 869 1919 eertum
893 1867 949 1937 est,
973 1860 1113 1921 noniurs
1133 1858 1252 1937 divino,

330 1943 385 2005 ssd
406 1943 541 2005 humano
563 1960 634 2007 esse
659 1943 847 2021 instimtarn,
882 1960 952 2003 oum
980 1943 1049 2021 ills,
1081 1961 1161 2022 quaa
1188 1945 1255 2003 iure

330 2026 435 2087 divino
458 2033 526 2087 erat
546 2031 674 2103 ommia,
712 2025 824 2086 eodem
854 2026 921 2085 iure
949 2026 1052 2087 otiose
1073 2033 1105 2087 et
1134 2024 1255 2104 relicte,

272 2169 275 2175 .
330 2116 411 2170 teste
431 2108 573 2187 Emsero,
595 2109 643 2169 sit.

412 2190 482 2255 Neo
501 2191 564 2252 hoe
584 2192 694 2253 saltam
706 2193 836 2272 cogitas,
859 2210 929 2253 essa
944 2192 1036 2272 plane
1051 2190 1254 2271 impossibiie,

331 2283 363 2336 ut
385 2276 480 2336 totius
504 2275 588 2337 orbis
608 2275 716 2355 populi
737 2294 778 2335 ex
800 2295 861 2335 uns
881 2276 982 2337 Rome
1003 2281 1110 2355 petant
1133 2275 1253 2355 spisso·

329 2378 388 2440 pos
410 2356 600 2437 confirmari,
631 2361 710 2420 sient
733 2358 825 2419 modo
847 2362 958 2439 putant
978 2378 1065 2419 nsum
1089 2376 1159 2420 esee
1179 2359 1253 2418 iuris

330 2443 434 2502 divini.
477 2442 652 2503 Anathema
674 2448 777 2503 sutem
800 2444 840 2502 sit
861 2442 978 2521 disere,
1009 2460 1067 2502 nos
1089 2461 1109 2502 a
1130 2440 1253 2502 Christo

328 2526 423 2586 titisse
444 2523 484 2585 ad
505 2524 697 2605 impossibile
709 2525 882 2588 obstriotos.
916 2524 1028 2587 Obstat
1041 2526 1123 2589 enim
1137 2526 1254 2587 itineris

331 2615 363 2670 st
383 2615 523 2688 sumptus
545 2607 735 2689 magnitudo.
777 2608 820 2667 At
840 2608 913 2669 iuris
953 2608 1049 2669 divini
1085 2608 1170 2669 nulla
1200 2607 1253 2669 ds·

330 2693 405 2755 bont
426 2710 495 2753 esse
517 2691 687 2770 obstaonla,
709 2711 749 2751 na
769 2710 853 2753 mors
874 2694 944 2772 ipsa
965 2691 1099 2771 qnidam.

413 2774 521 2837 Altera
543 2770 617 2856 pars
644 2774 801 2836 ooronidis
841 2782 913 2835 tuae
947 2782 1010 2837 est:
1044 2775 1254 2837 monarehiarn

330 2856 456 2937 probari
475 2858 676 2919 consiliorum
692 2858 958 2938 interpretatione,
979 2865 1012 2920 ot
1033 2859 1083 2922 vel
1104 2858 1165 2919 heo
1184 2858 1258 2921 sola·

329 2959 408 3003 vooe
431 2938 561 3005 Christi:
583 2941 680 3003 Pasce
703 2960 778 3003 oves
801 2962 896 3004 meas.
919 2942 1015 3017 Quis?
1037 2942 1091 3003 tu?
1122 2941 1254 3003 Enitar?

329 3023 418 3087 Tune
438 3025 554 3088 audeas
576 3024 694 3105 disere,
729 3045 785 3105 psr
814 3027 939 3087 ooneilii
967 3026 1254 3107 interpretationem

329 3105 396 3171 fleri
417 3110 464 3171 ius
486 3109 647 3171 divinum?
669 3108 722 3171 ubi
742 3110 822 3169 haeo
843 3109 999 3170 didicisti?
1028 3108 1103 3185 Quis
1136 3111 1180 3169 ita
1201 3129 1255 3168 nn·

331 3208 422 3270 quam
452 3193 618 3253 insanivit?
652 3191 808 3269 Quidquid
835 3211 890 3272 per
921 3193 1063 3253 homines
1102 3193 1254 3271 statuitur,

328 3274 495 3337 humanum
524 3282 580 3335 est.
623 3274 685 3337 fied
711 3273 786 3353 quid
814 3282 923 3337 eontra
949 3274 1108 3339 eorebrum
1134 3274 1271 3356 pugno,

329 3356 417 3503 quoii
435 3358 590 3427 nondum,
613 3357 686 3437 quid
708 3360 748 3418 sit
774 3359 822 3419 ius
845 3359 982 3421 divinum
1004 3360 1054 3420 uel
1075 3360 1252 3437 humanum,

330 3442 394 3503 inte
417 3442 482 3521 igit.
1025 3466 1029 3485 ι

413 3524 533 3588 Deinde
553 3525 671 3605 optimo
695 3527 843 3606 magistro
854 3528 1077 3607 grammatioae
1098 3544 1181 3587 nuno
1201 3525 1253 3586 da·

330 3626 413 3670 mum
435 3609 518 3686 soto,
539 3608 624 3689 quod
647 3608 744 3670 Pasce
764 3628 841 3671 oves
863 3628 963 3688 mma,
993 3608 1161 3691 signifieat,
1183 3617 1252 3670 esto

330 3691 498 3753 monarcha
513 3698 544 3755 st
566 3691 710 3753 dominus
731 3694 888 3771 omnium,
910 3692 990 3755 forts
1012 3701 1083 3775 post
1114 3694 1192 3755 haee
1223 3700 1256 3753 et

329 3791 444 3835 novam
466 3773 607 3837 oabalam
628 3775 831 3837 Emseranom
860 3794 985 3856 sperare
1017 3778 1149 3856 oportet.
1194 3775 1254 3838 Ob·

329 3875 437 3935 seoro,
471 3877 576 3921 nonne
593 3859 700 3921 Petrus
731 3860 793 3922 iam
815 3859 975 3940 apostolus
998 3865 1079 3938 erat,
1113 3866 1146 3920 'et
1167 3859 1255 3937 quid-

330 3939 403 4017 quid
436 3957 506 4000 esse
540 3947 680 4021 poterat,
717 3942 841 4022 qnando
877 3942 995 4003 audivit
1029 3940 1091 4003 hoo
1126 3941 1253 4002 verbum

330 4020 448 4083 Pasas?
470 4021 563 4085 offleii
585 4023 711 4087 verbnm
733 4032 765 4087 et
782 4027 905 4107 operis,
933 4044 997 4087 non
1020 4024 1177 4105 dignitatis
1200 4031 1253 4085 aut
