3159 4792
274 501 278 509 '
345 500 388 569 ῃ
558 500 608 557 Ad
625 499 832 574 &spumantem
850 502 1033 557 muranum
1089 533 1091 542 ,

434 691 532 754 Simili
565 692 724 753 schamir
755 697 788 752 et
818 689 959 751 Rudinus
996 691 1068 753 olim
1105 686 1279 771 impetebat

351 776 589 857 Hieronymum,
612 777 661 835 cui
683 792 752 835 curu
778 774 916 855 placeret
935 774 969 834 in
989 774 1091 835 moitis
1114 773 1277 856 Origenes,

346 862 469 940 ineptus
500 858 553 919 iiie
580 858 781 919 iiimserianaa
810 858 990 919 dialecticae
1017 864 1109 939 typus
1138 858 1275 919 omnium

347 961 484 1003 errorum
512 942 608 1003 iliius·
624 942 697 1002 fecit
726 942 822 1021 impia
849 940 940 1002 laude
962 946 1135 1023 patronum.
1180 944 1279 1002 itaet

350 1032 383 1087 tu
405 1023 547 1087 Ruffinus
575 1044 661 1086 meus
684 1021 910 1169 &Hieronymus
939 1025 1023 1086 volui
1051 1020 1171 1102 dicere,
1197 1024 1278 1085 fallit

351 1127 401 1169 me
429 1109 532 1189 operis
563 1109 689 1169 similitu
711 1126 731 1169 o
758 1110 872 1189 magis,
902 1126 992 1187 quam
1015 1114 1118 1168 servet
1141 1108 1276 1168 nominis

350 1189 535 1271 similitudo)
558 1192 590 1263 ia
612 1191 695 1251 hunc
715 1191 841 1252 modum
865 1188 989 1273 egregie
1012 1190 1152 1267 disseris,
1175 1190 1276 1251 Bohe-

349 1294 417 1336 mos
449 1294 512 1335 non
548 1273 689 1335 defendis
727 1274 964 1360 schismaticos?
1003 1293 1076 1355 ergo
1112 1273 1191 1335 falso
1229 1273 1275 1333 iiii

348 1360 474 1436 iactant,
497 1364 529 1418 te
550 1376 625 1419 vera
646 1358 816 1437 scripsisse.
849 1356 994 1436 Proinde,
1015 1359 1056 1418 mi
1069 1357 1188 1435 Emesa
1211 1356 1275 1418 aiio

351 1447 460 1501 matra
481 1440 638 1502 Bohemos
660 1440 867 1501 confutandos
890 1448 977 1501 utere
1000 1446 1193 1521 argumento,
1213 1439 1277 1501 hae
1337 1452 1340 1465 ’

349 1523 464 1586 elumbi
477 1524 689 1585 confutatione
705 1542 764 1585 nos
782 1522 953 1585 catholicos
976 1523 1121 1585 Bohemis
1143 1521 1276 1585 ludibrio

353 1606 498 1671 traducis.
1251 1604 1255 1608 ’

431 1742 560 1821 lterum,
587 1741 649 1803 olio
680 1741 754 1803 mihi
779 1741 910 1821 abrupto
941 1740 1089 1819 elaberis,
1116 1760 1181 1802 non
1201 1742 1276 1803 dico
1366 1734 1370 1740 ¹

353 1827 490 1906 (inquis)
520 1833 574 1887 tua
599 1826 706 1886 iactari
734 1825 897 1905 dogmata,
926 1824 980 1885 sed
1011 1824 1113 1885 aliena
1141 1830 1172 1887 et
1201 1844 1277 1890 suos

351 1928 470 1970 errores
492 1916 545 1969 tuo
568 1909 703 1968 nomine.
746 1908 896 1985 Primum,
925 1908 993 1986 quis
1016 1906 1055 1967 de
1076 1906 1137 1969 hoc
1159 1914 1276 1969 certum

351 2000 382 2052 te
409 1990 501 2053 iecit?
533 1990 656 2051 adeone
683 1989 739 2051 tibi
766 1990 806 2059 de
828 1991 937 2070 quovis
961 1990 1134 2063 mortalium
1157 1988 1277 2071 fingere

350 2075 425 2135 iicet
439 2074 575 2151 ommino,
598 2080 691 2153 atque
712 2073 742 2133 id
765 2092 829 2134 non
851 2074 911 2134 nisi
932 2080 965 2133 ut
984 2073 1201 2134 innocentium
1220 2074 1277 2135 cri-

353 2156 484 2219 minibus
507 2156 585 2217 [ictis
606 2157 818 2218 innocentiam
841 2157 970 2240 aliorum
992 2155 1120 2219 laedas?
1163 2157 1278 2218 Nonne

351 2241 531 2322 scriptorem
562 2240 756 2318 historicum,
787 2240 968 2320 praesertim
998 2238 1193 2301 sacerdotem
1215 2240 1277 2301 Do-

352 2325 437 2402 mini,
458 2329 568 2385 testem
589 2324 736 2402 veritatis,
758 2324 896 2403 oportuit
915 2322 995 2383 haec
1017 2322 1123 2383 omnia
1145 2324 1277 2403 primum

353 2407 527 2487 explorare,
549 2412 581 2466 et
597 2425 660 2468 non
679 2405 719 2467 de
740 2425 797 2467 suo
821 2405 947 2467 cerebro
971 2404 1115 2467 historias
1137 2404 1277 2487 fingere?
1296 2479 1299 2489 ,

313 2503 316 2506 ’
353 2488 433 2565 Quid
456 2490 483 2550 si
504 2489 549 2549 illi
572 2497 696 2570 negent,
718 2490 852 2549 iactasse
870 2506 1004 2567 unquam
1028 2488 1087 2549 nisi
1110 2508 1180 2549 mea
1202 2489 1278 2571 dog-

353 2578 449 2649 mata,
496 2590 576 2651 quae
605 2590 662 2652 per
692 2573 839 2652 regiones
871 2591 912 2631 ve
934 2577 1039 2651 antur,
1080 2571 1159 2651 quae
1192 2574 1279 2633 multi

324 2684 326 2690 ¹
353 2654 606 2717 christianissimi
628 2653 720 2732 Galli,
741 2654 821 2733 itali,
844 2591 948 2735 Angii,
971 2652 1128 2733 Germani,
1149 2654 1278 2735 Hispani

353 2757 477 2817 quoque
504 2733 642 2798 iactant?
686 2737 735 2816 An
758 2737 905 2818 sperabas
928 2756 984 2798 eos
1007 2738 1152 2801 tacituros
1174 2738 1277 2800 audax

354 2820 548 2882 mendacium
569 2819 677 2881 tuum?

437 2937 498 3000 Sed
520 2943 605 3018 esto,
635 2956 739 2999 verum
762 2938 802 2999 sit
825 2936 908 3017 quod
929 2935 1083 3009 somnias,
1110 2934 1154 2995 ilii
1176 2934 1279 2995 alicua

354 3020 503 3104 dogmata
525 3038 594 3083 meo
617 3023 743 3083 nomine
764 3023 895 3099 iactent,
926 3021 977 3099 qui
999 3017 1050 3098 flt,
1078 3025 1111 3079 ut
1132 3034 1191 3098 ego
1214 3034 1277 3078 noa

354 3105 433 3166 haec
454 3105 612 3180 audierim,
635 3105 674 3165 ad
697 3124 787 3184 quem
811 3104 946 3164 maxime
967 3101 1142 3183 pertinent?
1168 3100 1278 3161 Antei
1333 3140 1337 3144 -

355 3188 436 3248 mala
458 3195 565 3248 nostre
585 3189 746 3248 novissimi
769 3187 899 3263 scimus,
929 3192 1015 3247 tuum
1039 3192 1105 3246 erat
1126 3184 1278 3264 profecto,

353 3271 404 3349 qui
421 3271 555 3329 nominis
573 3270 635 3329 mei
652 3275 714 3330 tam
735 3268 892 3329 studiosus
913 3288 958 3348 es,
982 3267 1055 3329 mihi
1075 3266 1106 3327 id
1128 3265 1278 3344 indicare,

353 3358 384 3412 et
411 3370 564 3431 quaenam
592 3351 739 3433 dogmata
766 3352 831 3411 illic
857 3352 983 3414 nomine
1004 3370 1075 3413 meo
1097 3347 1176 3431 falsa
1196 3349 1277 3411 iaiso

352 3436 547 3512 iactarentur,
571 3437 705 3517 signare,
726 3442 760 3495 ut
775 3436 843 3515 ipse
863 3434 963 3514 (quod
986 3435 1133 3495 maiorem
1156 3431 1277 3494 habais·

353 3523 403 3580 set
419 3520 633 3595 autoritatem)
657 3520 688 3579 in
707 3538 762 3580 eos
789 3517 953 3580 scriberem
977 3533 1154 3596 nomenque
1176 3532 1279 3576 meum

352 3616 532 3665 assererem.
576 3602 617 3662 At
644 3608 691 3680 tu,
720 3602 803 3663 boue
832 3598 972 3675 Rnffine,
1000 3598 1044 3661 fili
1070 3598 1278 3678 tenebrarum,

352 3685 430 3745 haec
445 3691 498 3746 aut
511 3686 663 3762 nesciens,
685 3691 739 3745 aut
758 3685 880 3746 nescire
902 3690 933 3746 ta
948 3682 1079 3765 tingens,
1100 3700 1163 3743 non
1183 3680 1277 3743 modo

353 3766 427 3827 nihil
457 3768 530 3828 mihi
559 3767 732 3849 significare
761 3769 891 3845 curasti,
922 3768 994 3847 quin
1023 3765 1117 3847 duplo
1141 3764 1279 3845 vulnere,

353 3856 483 3927 utroque
504 3852 697 3932 gravissimo,
719 3870 770 3911 me
790 3851 941 3931 percutis,
972 3855 1003 3910 et
1032 3854 1209 3929 suspectum
1239 3847 1281 3909 de

352 3932 473 3992 haeresi
501 3934 634 4013 iaciens,
668 3941 700 3995 et
725 3934 911 4014 suspicionis
937 3932 1027 3993 huius
1048 3931 1204 4013 pessimas
1226 3945 1281 4011 pa·

353 4014 568 4080 modoinum
607 4016 866 4079 dmimulmorcnr
891 4013 1072 4094 'udornsua
1111 4012 1184 4075 dum
1218 4030 1279 4096 pru
