3159 4792
385 518 445 585 126
610 522 720 583 tamn.
738 520 854 582 consol.
872 522 901 583 b.
919 521 955 580 il.
973 524 1086 583 tuam

384 708 458 787 bei,
487 708 597 777 batres
631 712 772 777 atanici
794 714 909 797 nostri,
935 713 966 771 in
992 711 1102 791 quibua
1134 709 1209 797 nibil
1243 711 1302 795 nial

385 792 498 859 bonum
521 794 669 872 videmus,
691 810 754 859 non
776 797 834 858 nisi
856 794 1113 874 aeneolationem,
1137 815 1202 859 non
1224 814 1301 857 aem-

384 896 438 956 per
460 876 582 955 quidem
611 878 707 938 oeulis
732 880 852 939 carneis
888 889 977 954 (nam
1010 878 1055 940 eie
1081 880 1113 940 in
1147 880 1301 943 eonltfflo

383 966 505 1039 spectro
540 966 610 1021 aunt
647 956 832 1039 melorum),
866 962 920 1023 aad
953 961 1050 1025 oeulis
1084 960 1302 1042 spiritualibus.

385 1041 575 1121 Quamquam
599 1053 630 1105 et
651 1044 704 1108 illa
725 1044 941 1125 eornmbnna,
964 1063 1044 1124 quae
1065 1046 1216 1120 videntur,
1238 1063 1302 1109 ann

384 1125 551 1189 reiieienda
571 1135 658 1206 aunt,
692 1129 763 1207 quin
795 1130 826 1187 in
856 1128 903 1188 hie
935 1148 993 1189 noe
1016 1128 1172 1193 consolari
1194 1149 1213 1189 a
1234 1128 1302 1189 Deo

383 1209 598 1289 intelligamus.
621 1210 698 1271 Nam
723 1211 846 1276 etPsal
869 1215 918 1274 72.
941 1231 1003 1274 non
1026 1212 1081 1271 fnit
1103 1230 1197 1274 annue
1219 1210 1302 1270 dam-

382 1312 606 1371 abraames,
639 1295 690 1372 qui
712 1295 743 1357 in
774 1295 878 1356 aeenlo
909 1294 1084 1360 obtinerent
1105 1293 1238 1370 divitiae,
1258 1295 1303 1355 di·

378 1394 476 1441 nene:
515 1376 546 1437 Si
569 1376 707 1440 dicebam
731 1378 784 1455 sie,
807 1397 880 1439 enne
903 1379 1060 1445 nationem
1081 1376 1212 1443 filiorum
1236 1386 1301 1441 bro.-

384 1479 449 1525 rnm
471 1460 648 1538 reprobavi,
675 1460 706 1525 id
730 1468 793 1537 eat,
825 1463 849 1520 si
875 1460 957 1523 volui
980 1460 1084 1522 dieere
1101 1480 1170 1523 eaae
1192 1480 1302 1524 omnea

384 1538 498 1620 melna,
521 1544 572 1621 qni
594 1542 720 1620 divites,
742 1545 827 1620 sani,
858 1544 1065 1624 honoratique
1085 1552 1207 1621 essent,
1239 1545 1302 1607 iam

384 1627 475 1690 etiam
499 1634 624 1686 sanatos
658 1635 726 1689 tuoe
753 1627 966 1703 damnassem,
999 1646 1127 1705 quorum
1159 1627 1246 1691 multi
1270 1627 1303 1698 in

369 1709 430 1776 'hle
453 1717 531 1774 aunt.
576 1708 637 1772 Sed
658 1718 691 1781 et
704 1711 866 1789 apostotus
876 1710 1071 1774 Timotheum
1088 1711 1123 1780 *l
1147 1710 1249 1787 donet,
1271 1721 1304 1779 m

384 1794 554 1872 praecipiat
574 1792 715 1859 divitibus
736 1792 932 1859 buinaaemli
953 1813 1016 1853 non
1036 1792 1167 1873 superbe
1182 1812 1303 1873 rapere,

384 1874 493 1941 divites
516 1894 585 1936 esee
608 1895 670 1941 non
693 1875 870 1955 prohibens.
913 1876 1140 1954 Ettlbrabam,
1162 1878 1249 1939 laaae
1271 1885 1304 1937 et

384 1959 476 2022 laeob
498 1958 608 2023 divitae
631 1958 786 2038 Scriptura
808 1960 899 2021 refert
921 1960 1024 2022 lniaae.
1068 1962 1170 2038 Atque
1191 1959 1303 2021 Daniel

384 2060 452 2105 oum
472 2042 567 2104 soona
588 2043 651 2103 auia
672 2042 815 2108 honorati
837 2044 931 2103 etiam
952 2045 981 2105 in
994 2041 1155 2122 Babylone
1171 2042 1302 2108 loetum.

384 2124 549 2191 Praeterea
569 2125 653 2191 multi
675 2144 764 2206 regen
786 2125 861 2187 luda
884 2126 1126 2191 sanonfuemnt.
1157 2126 1223 2189 Ho'a
1246 2128 1302 2192 ita·

384 2226 443 2287 que
456 2209 582 2276 intuitus
593 2208 733 2289 Pealmua
747 2206 836 2271 dieii:
859 2209 891 2269 Si
913 2208 1052 2269 dicebam
1067 2210 1120 2287 sie,
1143 2210 1301 2275 nationem

383 2290 513 2352 filiorum
539 2298 658 2352 tuorum
681 2292 853 2372 reprobavi.
1116 2346 1119 2354 .
1280 2332 1288 2351 .

420 2424 443 2441 .,
466 2376 535 2453 Dat,
557 2377 692 2454 inquam,
714 2378 797 2439 Deua
820 2377 911 2437 etiam
933 2378 995 2437 anie
1017 2376 1127 2441 norum
1149 2375 1301 2439 bonorum

383 2460 504 2538 eopiam
527 2458 567 2523 aa
587 2459 729 2523 solatiam
754 2478 859 2523 eornm
882 2468 913 2522 et
934 2460 1073 2522 aliorum.
1102 2459 1214 2521 Verum
1236 2478 1301 2525 aaa

382 2542 460 2605 baec
481 2560 587 2604 eorum
610 2544 743 2621 propria,
765 2544 827 2605 imo
848 2543 926 2606 haee
948 2542 1106 2606 umbrant
1128 2544 1219 2623 signa
1231 2553 1305 2607 eunt

383 2644 523 2691 verorum
547 2624 713 2704 bonorum,
727 2674 730 2691 .
745 2644 830 2705 qnae.
846 2634 918 2688 eunt
941 2623 1037 2699 lidea,
1058 2644 1146 2704 epea,
1181 2628 1303 2701 mitta,

383 2708 524 2787 aliaeque
546 2710 664 2788 gratiae
684 2718 716 2775 et
743 2710 842 2787 dona,
874 2726 959 2788 quae
990 2709 1095 2770 narnia
1126 2712 1304 2775 enmmuma

377 2789 458 2857 ,flunt
479 2792 714 2871 perennitatem.
746 2792 832 2876 Haeo
850 2800 897 2856 eat
920 2793 1095 2863 communio
1110 2791 1302 2866 Senatorum,

383 2878 415 2938 in
438 2893 498 2953 qna
516 2874 696 2955 gloriatam.
728 2876 768 2945 Et
791 2878 858 2955 quit
880 2893 942 2939 non
959 2874 1186 2955 hioauperbtat,
1208 2876 1301 2939 etiam

382 2958 414 3022 in
437 2960 555 3039 magnis
578 2959 682 3038 malie,
706 2962 755 3039 qui
778 2959 893 3036 eredat,
916 2958 948 3023 id
966 2958 1048 3037 quod
1070 2978 1119 3022 rea
1142 2959 1302 3025 pellenae

382 3042 502 3108 scilieet
522 3044 659 3107 omnium
680 3042 861 3109 Senatorum
884 3041 967 3107 bona
993 3062 1050 3107 aba
1078 3041 1174 3120 bona,
1212 3062 1301 3109 sunm

384 3125 496 3193 malum
518 3145 586 3194 esee
608 3125 730 3191 illorum
751 3145 884 3205 quoqne.
938 3125 1006 3188 Hoo
1032 3127 1113 3187 eninr
1145 3132 1300 3204 spectrum

383 3208 589 3276 duloiaairnum
612 3216 644 3269 et
664 3209 915 3275 iucundnsimum
938 3216 1000 3286 eat,
1028 3208 1111 3296 quod
1139 3210 1301 3289 apostotus

383 3291 423 3353 ad
444 3291 544 3353 Galat.
566 3295 593 3355 6.
615 3291 683 3357 hoo.
698 3292 791 3359 verbo
814 3292 927 3373 pingit:
949 3291 1037 3355 Alter
1056 3291 1186 3358 alteriue
1203 3313 1301 3358 onera
1398 3319 1399 3342 .

382 3382 513 3456 portate⁹
536 3383 567 3442 et
587 3376 632 3443 aie
650 3376 818 3457 implebitis
838 3376 942 3459 legem
963 3376 1083 3445 Obriati.

464 3460 574 3519 Nonne
596 3460 710 3520 bonum
733 3470 780 3520 est
801 3480 858 3521 noa
888 3461 937 3520 bie
960 3479 1044 3537 ease,
1084 3458 1133 3520 ubi
1157 3460 1182 3521 nl
1206 3479 1298 3525 unum

384 3544 549 3606 membrum
577 3550 635 3621 lut.
662 3552 685 3607 l.
709 3543 844 3607 Corinth.
868 3544 930 3618 6¹>
956 3544 1046 3618 dieit)
1071 3544 1193 3623 patitur,
1216 3560 1299 3602 eom·

382 3629 536 3707 patiuntur
559 3635 590 3687 et
611 3631 715 3689 omnia
734 3628 889 3707 membra,
921 3630 946 3687 si
976 3646 1068 3687 unum
1100 3624 1298 3707 glorificatur,

382 3712 579 3794 congaudent
600 3714 713 3773 omnia.
732 3711 874 3776 membre.
924 3711 1030 3789 ltaque
1064 3709 1135 3770 dum
1166 3729 1224 3791 ego
1247 3727 1298 3790 pa-

373 3796 451 3874 tior,
472 3796 572 3875 patior
593 3796 653 3858 iam
677 3815 738 3865 non
761 3796 858 3873 aolus,
878 3796 990 3875 patitur
1011 3812 1133 3865 manum
1149 3792 1297 3871 Christus,

455 3996 486 4060 1)
510 3997 538 4048 ln
557 3995 600 4050 el
618 3995 692 4048 len:
715 3995 755 4049 12.

456 4065 484 4135 ll
502 4069 527 4131 l·
546 4068 616 4133 Tim.
635 4066 660 4121 6.
759 4105 761 4117 .
