3159 4792
388 502 450 575 306
721 507 802 563 Bnlla
819 510 917 564 Leonis
937 508 970 565 X.

388 716 402 754 s
426 695 562 755 eoialiter
578 714 671 775 super
692 694 753 755 hoc
774 713 794 754 a
816 712 935 754 summo
950 692 1101 753 Pontifice
1115 694 1236 773 tradita,
1260 713 1318 774 eos

389 715 550 839 absolvere
573 783 605 837 et
625 797 644 837 a
664 778 773 857 poenis
795 775 984 837 incurrendis
1006 776 1146 838 liberare.

471 860 502 922 Si
525 880 599 921 vero
623 860 822 921 obduruerint
845 859 946 939 (quod
967 858 1076 941 absit),
1101 860 1196 941 digna
1218 858 1314 921 affici-

388 950 476 1004 entur
505 961 652 1019 censura,
685 962 744 1003 nec
780 943 868 1023 lapso
901 943 1031 1003 termino
1065 962 1120 1004 eos
1142 945 1172 1003 in
1208 950 1312 1004 vestro

388 1025 495 1087 Studio
517 1027 647 1086 teneatis
668 1034 721 1085 aut
741 1026 872 1086 foveatis
888 1025 943 1086 sub
965 1026 1074 1105 poenis
1097 1027 1126 1085 in
1150 1026 1242 1085 Bulla
1264 1046 1312 1085 ex·

387 1111 511 1190 pressis.
554 1108 644 1183 Quod
667 1108 706 1168 ad
730 1128 779 1169 me
812 1110 935 1187 attinet,
982 1108 1105 1169 mallem
1146 1108 1312 1189 gratificari

388 1192 496 1252 Studio
518 1199 633 1267 vestro,
656 1210 748 1270 quarn
765 1192 926 1273 quicquam
940 1191 1135 1251 inhumanius
1150 1196 1313 1252 attentare.

388 1275 436 1335 llis
461 1274 646 1335 commendo
670 1274 862 1335 excellentiis
885 1277 1003 1335 vestris.
1026 1274 1074 1333 Ex
1097 1274 1201 1355 Lipsia
1224 1277 1314 1335 tertia

389 1356 514 1420 Octobr.
539 1358 632 1417 Anno
654 1356 780 1419 Gratiae
802 1358 842 1418 M.
865 1358 900 1419 D.
923 1357 993 1421 XX.

469 1439 716 1522 Magnificentius

552 1523 752 1584 Excellentiis

597 1615 629 1667 et
650 1602 919 1668 Dominationibus
938 1606 1046 1665 vostris

638 1688 849 1769 obsequiosus
870 1687 1009 1749 Eccius

754 1771 890 1831 Nunnius
913 1782 944 1831 et
966 1769 1078 1831 Orator
1101 1768 1314 1849 Apostolious.

385 1936 575 2034 Philippus,
605 1935 665 2002 Dei
692 1937 726 2033 st
745 1931 951 2034 apostolieae
975 1934 1060 2001 sedis
1118 1934 1212 2033 ¹satia
1237 1934 1313 2031 hjpi·

385 2036 507 2118 scopus·
516 2019 742 2103 irmingerus,
756 2018 1012 2117 Admnrstrator
1023 2018 1103 2117 llum
1125 2034 1314 2100 urgensmm

386 2102 617 2182 Ecclesrarum,
651 2100 954 2252 Gomeevair’ispptppps
986 2100 1108 2178 Rham,
1146 2100 1220 2168 Dux
1250 2100 1311 2167 Ba-

466 2303 623 2365 Universis
653 2310 684 2363 et
706 2302 834 2383 singulis
858 2302 947 2363 nobie
979 2302 1009 2362 in
1034 2301 1155 2361 Christo
1188 2300 1312 2361 dilectis

385 2385 592 2448 Ecclesiarum
613 2394 653 2445 ‘et
680 2386 937 2449 Monaeteriorum
966 2386 1058 2445 etiam
1095 2390 1312 2465 exemptorum

386 2469 543 2547 Praelatis,
565 2466 746 2546 Abbatibus,
767 2468 933 2547 Prioribus,
946 2468 1143 2548 Praepositis,
1166 2467 1311 2547 Decanis,

387 2551 552 2630 Capitulis,
576 2550 862 2631 Paroohieliumque
884 2550 1091 2613 Ecclesiarum
1115 2550 1309 2629 Rectoribus,

384 2632 537 2712 Plebanis,
553 2632 1311 2713 VioeplebanisceterisqueP1·esbyteris,(llericis,

385 2715 521 2777 Notariis
554 2723 585 2777 et
607 2715 823 2783 tabellionibus
859 2718 989 2797 publicis
1024 2736 1080 2797 per
1101 2717 1256 2779 civitatem
1282 2724 1312 2777 et

384 2799 533 2882 diocesim
545 2807 680 2861 nostram
692 2800 918 2881 Frisingensem
934 2799 1061 2861 ubilibet
1073 2800 1258 2874 constitutis,
1270 2798 1309 2859 ad

277 2892 281 2899 ’
384 2901 461 2961 quos
479 2892 657 2963 praesentes
680 2883 924 2945 nostraeliterae
937 2883 1142 2963 pervenerint,
1167 2882 1307 2963 quosque

382 2984 529 3046 praesens
551 2967 649 3047 tangit
669 2967 838 3046 negotium,

468 3046 604 3110 Salutem
619 3050 649 3109 in
663 3049 808 3125 Domino,
832 3054 864 3109 et
879 3048 1002 3125 nostris,
1024 3048 1087 3109 imo
1109 3048 1211 3109 verius
1224 3048 1308 3129 Apo·

382 3131 517 3209 stolicis,
549 3130 675 3193 firmiter
697 3132 823 3207 obedire
855 3130 1023 3194 mandatis:
1059 3132 1223 3206 noveritis,
1250 3151 1308 3193 nos

382 3214 1170 3295 vigorecertitranssumptiliterarumsanctissimiin
1185 3212 1307 3275 Christo
1406 3284 1407 3293 χ

381 3298 475 3377 patris
498 3307 530 3369 et
550 3296 666 3357 domini
688 3300 799 3376 nostri,
833 3298 948 3359 domini
970 3297 1083 3360 Leonis
1112 3297 1218 3357 divina
1237 3318 1306 3378 pro-

380 3379 517 3441 videntia
545 3380 648 3461 Papae
684 3380 813 3457 decimi,
852 3387 961 3442 eontra
996 3379 1150 3461 quendam
1180 3380 1305 3444 fratrem

380 3463 542 3527 Martinunr
565 3462 677 3524 Luther
700 3463 816 3525 ordinis
845 3465 944 3525 sancti
966 3464 1130 3544 Augustini
1151 3462 1305 3525 Eremita-

379 3567 444 3608 rum
468 3548 595 3627 eiusque
615 3546 818 3607 adhaerentes
841 3548 1026 3627 complices,
1049 3546 1185 3607 fautores
1209 3554 1241 3608 et
1261 3566 1305 3607 re·

379 3639 569 3709 ceptatores,
599 3631 765 3691 occasione
787 3649 936 3693 erroneae
966 3637 1058 3709 atque
1080 3630 1199 3710 piarum
1223 3649 1306 3689 men·
1338 3637 1348 3649 ⁸

378 3713 453 3776 tium
474 3713 653 3776 seductivae
676 3712 838 3774 doctrinae
860 3732 897 3775 ao
919 3713 1135 3793 scripturarum
1159 3711 1232 3772 dicti
1246 3712 1306 3773 fra·

377 3796 431 3855 tris
451 3795 575 3858 Martini
594 3815 694 3875 nuper
712 3796 832 3856 Romae
854 3795 975 3858 decimo
998 3796 1132 3876 septimo
1156 3794 1304 3857 calendas

376 3876 449 3936 iulii
471 3898 554 3939 anno
577 3879 724 3938 vicesimo
747 3885 981 3957 emanatarum,
1011 3898 1066 3959 per
1088 3877 1304 3939 honorabilem

377 3959 467 4038 nobis
488 3962 519 4022 in
543 3959 664 4044 Christo
688 3959 833 4022 dilectum
856 3962 1009 4022 loannem
1032 3961 1172 4039 Eccium,
1196 3979 1305 4021 sacrae

375 4035 566 4123 Theologiae
589 4050 620 4104 et
641 4043 802 4105 Ganonum
825 4044 1007 4121 Doctorem,
1030 4044 1159 4125 praelati
1183 4044 1303 4107 domini
