3159 4792
521 516 605 570 anper
623 493 827 571 expurgatione
844 500 971 555 muana.
1155 496 1196 565 48

290 685 348 745 sine
366 686 462 767 gata
481 691 569 747 tanto
591 686 680 747 eitius
693 686 879 767 propinquat
897 668 1070 767 iiiiqnitati,
1081 691 1196 763 quanto

290 767 386 830 fortius
405 768 535 831 intendit
553 770 678 831 sationi.

363 852 513 913 Verumne
543 853 595 914 bio
626 852 717 913 dieo?
751 852 832 927 Quid
854 860 958 914 autem
980 852 1097 934 amians
1120 852 1197 912 veri·

290 936 352 995 tatia
382 936 589 997 zelosissimus
625 943 656 997 et
688 943 815 1017 apertus
854 938 1035 1017 impugnare
1069 952 1197 995 veneras

290 1019 340 1079 nisi
359 1019 496 1082 errores?
519 1020 564 1080 aio
583 1018 624 1081 de
646 1026 677 1081 te
694 1021 763 1100 ipso
784 1021 892 1082 iactas.
924 1020 1029 1081 Falsas
1045 1037 1120 1099 ergo
1141 1017 1197 1079 hae

289 1104 506 1181 propositiones
540 1102 666 1164 tenebas
694 1110 726 1163 et
753 1105 850 1163 teneri
879 1102 1018 1165 volebas.
1061 1102 1094 1163 Si
1115 1101 1196 1163 enim

289 1204 367 1245 veras
386 1186 528 1266 putabas,
550 1206 603 1247 our
624 1186 828 1267 impugnabas
850 1188 986 1247 veritatis
1008 1183 1172 1246 defensor?

360 1270 400 1329 At
413 1269 567 1333 in'media
580 1270 789 1350 disputatione
802 1290 891 1331 veras
915 1289 984 1331 esse
1006 1268 1197 1345 oonoessisti,

289 1349 373 1413 libere
404 1354 630 1433 pronuncians,
662 1352 791 1415 liberum
819 1352 976 1414 arbitrium
1003 1354 1069 1413 sine
1099 1352 1198 1432 gratia

288 1453 343 1495 non
363 1456 459 1516 posse
487 1438 546 1497 nisi
567 1437 681 1497 malum
702 1436 823 1515 faeere,
856 1435 1009 1511 addebas,
1031 1454 1090 1495 neo
1111 1434 1199 1495 seho-

287 1517 401 1580 laetisos
424 1520 577 1580 Doctores
600 1539 733 1599 unquam
756 1519 840 1579 aliud
863 1519 1021 1595 doouisse,
1045 1518 1084 1579 ob
1106 1518 1199 1597 idque

286 1601 412 1682 negabas
448 1612 479 1663 te
501 1602 641 1681 Sootum,
675 1603 860 1682 Capreolum
882 1604 969 1664 tueri.
1011 1602 1097 1662 Haeo
1119 1601 1199 1676 dieo,

287 1703 342 1745 non
362 1688 476 1747 timens
497 1692 567 1747 tuos
588 1686 764 1766 Iipsenses,
786 1704 865 1764 qnos
883 1688 975 1746 toties
996 1684 1069 1745 mihi
1089 1685 1201 1744 frustra

285 1767 429 1847 intentas3
450 1771 536 1831 testis
554 1776 601 1830 est
616 1770 725 1830 horum
740 1770 876 1831 omnium
890 1775 987 1829 totum
1003 1767 1199 1829 auditorium.

285 1849 346 1931 Ego
377 1872 471 1913 sane·
489 1852 568 1913 bueo
599 1852 727 1913 audiens
760 1850 951 1933 gaudebam,
985 1858 1047 1913 tam
1080 1852 1141 1911 aito
1169 1857 1199 1910 te
1232 1889 1236 1897 =
1304 1870 1311 1883 “

286 1934 404 1996 rediisse
440 1936 592 2011 inviam,
630 1940 723 2015 atque
758 1937 820 1996 iarn
855 1937 948 1997 totius
982 1935 1199 2015 disputationis

285 2015 369 2079 daem
391 2038 464 2080 esse
486 2018 646 2104 ducebam,
668 2018 793 2099 quando
808 2038 847 2079 ex
861 2021 919 2080 hao
940 2021 984 2081 rei
997 2037 1116 2081 summa
1137 2016 1200 2077 fere

285 2102 381 2162 omnia
401 2101 591 2183 pendebant.
1185 2147 1188 2155 ·

339 2186 446 2245 ,Haeo
465 2186 570 2265 itaque
597 2186 643 2245 rei
665 2204 787 2245 summa
809 2193 871 2264 est,
908 2204 997 2265 qnam
1027 2204 1109 2247 nuno
1137 2185 1199 2265 agi-

284 2287 354 2348 mus,
376 2288 475 2348 quare
497 2278 528 2327 et
550 2268 701 2348 epistolae
723 2286 812 2330 meae
834 2270 984 2330 rationem
1007 2268 1088 2332 audi.
1130 2266 1199 2347 Ego

284 2370 345 2413 eam
367 2353 592 2431 disputatorem
615 2352 697 2412 vinei
710 2351 824 2431 iudico,
846 2351 948 2431 quiid
968 2358 1095 2430 asserat,
1118 2348 1200 2430 quod

285 2437 359 2513 prius
380 2435 619 2515 impugnaverit
661 2436 707 2497 lta
735 2437 938 2515 pronunciavi
968 2442 1000 2497 et
1019 2434 1201 2517 pronuntio,

284 2516 401 2581 aarum
427 2518 556 2595 vietum,
590 2518 794 2579 Carlstadium
822 2519 985 2598 viatorem,
1020 2526 1052 2579 et
1079 2518 1141 2579 hoo
1161 2514 1201 2577 ad

283 2604 503 2664 nobilissimum
532 2602 628 2661 virum
651 2602 910 2682 Pyroheymernm
933 2602 1200 2683 Numbergeusem

284 2688 395 2767 soripsi,
421 2693 569 2747 staturam
584 2686 743 2746 vintoniam
757 2684 939 2765 Garlstadio,
953 2693 984 2747 et
997 2685 1072 2747 illud
1088 2682 1203 2745 seheda

284 2768 418 2848 publiea,
456 2768 659 2842 Caristadium
689 2788 753 2830 non
786 2768 945 2849 fugitivum
974 2770 1101 2831 militem
1139 2768 1203 2846 (aio

284 2870 346 2914 eum
379 2860 414 2915 tu
448 2851 662 2933 traduxeras)'‹
680 2860 860 2929 venturum,
899 2854 1047 2913 viatorem
1075 2851 1202 2913 Enniani

283 2938 387 2998 erroris
424 2935 622 3014 iamdudum,
656 2937 761 2997 omnia
794 2936 873 2996 haee
902 2954 977 2995 vara
1005 2942 1077 2995 sunt
1108 2933 1202 2995 hodie

283 3038 418 3102 qnoque,
457 3022 550 3081 etiam
583 3019 609 3079 si
638 3018 755 3081 iudioes
783 3017 865 3079 aliud
894 3018 1082 3093 iudicarent,
1118 3016 1202 3094 quod

284 3121 342 3164 non
362 3123 378 3162 s
401 3121 467 3163 ero.

360 3124 443 3248 iiius
463 3185 552 3247 intuli
573 3186 688 3263 omnia,
712 3203 791 3264 quae
813 3182 852 3244 ad
875 3185 1034 3245 veritatem
1057 3184 1136 3245 hano
1157 3202 1203 3243 aa·

284 3277 429 3349 quuntur,
457 3269 531 3330 linet
552 3267 607 3329 tibi
628 3268 842 3349 indignissima
863 3269 931 3329 visa
955 3264 1056 3351 (quod
1080 3269 1202 3345 miror),

285 3371 393 3433 nempe
423 3351 505 3431 quod
541 3358 603 3411 tres
625 3359 727 3412 seotas
755 3350 1010 3413 scholasticorum
1033 3352 1203 3413 Dootorum

284 3434 451 3497 nobiliores
472 3436 612 3515 negaris,
642 3435 694 3514 qui
715 3434 844 3495 liberum
866 3436 1022 3497 arbitrium
1044 3444 1116 3496 ante
1137 3454 1203 3517 gra-

286 3518 353 3579 tiam
376 3518 494 3579 nullum
516 3524 619 3579 aetum
642 3519 849 3594 meritorium,
884 3527 987 3580 tamrm
1012 3524 1131 3598 aetum,
1154 3521 1203 3599 qni

285 3620 344 3661 non
366 3604 407 3664 sit
426 3608 600 3684 pennatum,
622 3607 654 3662 et
675 3604 726 3681 qui
748 3603 878 3682 gratiam
902 3602 941 3663 de
956 3622 1101 3685 oongruo
1124 3622 1203 3663 eme·

285 3691 394 3764 restam,
416 3686 562 3747 tribuunt.

364 3769 443 3831 Item
478 3760 640 3830 articulum
677 3768 823 3829 iohannis
851 3769 932 3830 Huss
971 3773 1074 3849 (ouius
1107 3773 1203 3833 mutto

286 3850 386 3929 plures
408 3871 488 3913 nuno
511 3858 621 3928 teneo,
651 3868 743 3930 qnam
764 3851 886 3932 Lipsiae
909 3854 1069 3931 tenebam,
1093 3862 1126 3915 ut
1147 3874 1203 3916 suo

285 3930 332 3995 dia
355 3936 537 4010 ostendam)
570 3934 862 3997 christianissimum
885 3954 969 4016 asse,
1003 3944 1034 3999 et
1051 3945 1152 4017 tuum,
1172 3942 1204 3999 in

289 4035 346 4095 quo
381 4024 548 4081 uersentur
579 4024 666 4079 antus
692 4017 817 4079 humani
845 4017 996 4081 divisione
1017 4021 1204 4096 immediata,

312 4130 403 4171 tamari
418 4146 469 4185 opp.
484 4138 509 4178 V.
522 4138 549 4178 L
566 4138 595 4176 ad
608 4136 649 4176 ret.
663 4136 713 4175 hiat.
727 4137 742 4175 t.
756 4148 778 4185 p.
793 4136 841 4177 vol.
857 4136 893 4176 lV.
1017 4108 1037 4167 4
