3159 4792
346 491 410 559 344
651 492 812 563 nupsistis
829 491 864 549 D.
883 493 918 547 Ι.
939 492 968 549 L.

347 681 434 757 liunt,
457 679 508 759 qui
522 670 578 758 per
590 680 941 741 excommunicationem
965 677 1090 741 diabolo
1113 678 1269 755 animasl)

348 762 425 824 tradi
448 767 567 843 putant.

388 851 417 911 5.
441 844 548 905 Carnis
570 844 708 903 interitus
730 846 762 905 in
790 845 991 925 poenitudine
1019 851 1050 905 et
1082 865 1137 926 per
1170 846 1273 916 resipi-

347 931 496 990 scentiam
515 927 550 987 lit
570 927 608 987 ad
630 928 801 1007 profectum
821 929 942 1007 spiritus
961 934 992 1005 ot
1013 929 1166 989 interioris
1180 928 1274 989 homi·
1386 969 1387 1005 p

348 1014 394 1073 nis
407 1011 659 1072 innovationem.

390 1094 419 1160 6.
441 1094 560 1155 Deinde
580 1112 639 1155 nec
659 1093 825 1153 fraternam
857 1092 896 1154 ab
919 1112 957 1154 eo
980 1094 1136 1174 separavit
1169 1097 1276 1155 carita

351 1190 411 1240 tem
435 1177 616 1257 apostolus,
648 1196 741 1255 quem
777 1177 816 1237 dc
851 1179 1097 1258 congregatione
1117 1180 1278 1259 praecepit

349 1281 495 1341 separari.

392 1349 420 1408 7.
442 1342 767 1403 Dnoommunicnndus
796 1350 925 1422 propter
953 1344 1047 1403 animi
1074 1344 1226 1404 malitiam
1251 1352 1280 1404 et

354 1429 482 1488 crimina
502 1425 635 1506 publica,
658 1434 822 1505 autequam
845 1426 1006 1487 visibiliter
1029 1430 1279 1488 excommunica-

351 1520 419 1590 tur,
442 1512 501 1570 iam
525 1510 681 1590 praecisus
704 1516 760 1569 est.

398 1598 427 1659 8.
448 1592 601 1668 Quocirca
620 1592 899 1652 excommunicatio
913 1601 1041 1652 externa
1059 1594 1180 1673 signum
1205 1593 1278 1652 dun-

353 1684 440 1738 taxat
459 1683 510 1736 est
530 1675 860 1736 excommunicationis
882 1677 1045 1737 interioris.

392 1764 419 1824 9.
443 1759 734 1819 Excommunicatio
769 1768 898 1818 externa
931 1779 993 1819 non
1031 1767 1077 1819 est
1105 1757 1217 1819 efficax
1250 1765 1281 1818 et
1378 1807 1381 1815 .

350 1842 510 1903 infallibile
530 1843 651 1922 signum
672 1843 825 1903 interioris
848 1842 1194 1920 excommunicationis,
1226 1841 1281 1901 sed

354 1946 449 2006 saepe
471 1925 700 1985 fallacissimum
723 1926 855 2010 signum.
1134 1923 1138 1930 ’

380 2014 425 2073 10.
449 2009 565 2068 Iniusta
576 2008 856 2068 excommunicatio
873 2014 1000 2068 externe
1012 2009 1281 2068 excommunicato

354 2112 416 2153 non
439 2100 547 2169 nocet,
571 2089 626 2150 sed
648 2090 709 2151 soli
730 2092 1010 2153 excommunicanti
1033 2097 1064 2152 et
1086 2090 1186 2151 eidem
1211 2111 1282 2151 con·

353 2173 566 2237 sentientibus,

313 2330 321 2347 '
353 2340 571 2421 Episcopis
595 2345 635 2399 et
656 2339 844 2399 Diaconis
868 2340 1071 2400 ecclesiae
1092 2334 1283 2400 Vuittem-

715 2422 919 2503 bergensis

354 2540 395 2601 de
417 2547 490 2601 voto
513 2539 695 2619 religionum
718 2539 943 2619 disputantibus
964 2540 1111 2601 Martinus
1132 2539 1283 2600 Lutherus

606 2622 719 2682 Servus
740 2622 857 2700 haec²)
883 2624 1031 2698 mittin).

664 2738 756 2801 Anno
778 2741 819 2804 M.
842 2741 878 2801 D.
901 2740 981 2803 xxi.

764 2858 866 2919 lesus.

399 2981 425 3039 1.
448 2975 548 3036 Omne
569 2976 652 3055 quod
675 2994 737 3035 non
760 2986 808 3037 est
831 2996 870 3037 ex
893 2976 965 3057 lide,
988 2984 1150 3058 peccatum
1173 2983 1232 3037 est.

426 3137 459 3196 1)
479 3135 510 3187 lu
530 3135 591 3187 edd.
617 3136 686 3190 1538
706 3141 733 3189 et
762 3135 845 3191 1558:
866 3137 995 3188 animam.
1033 3136 1063 3198 2)
1086 3138 1114 3188 ln
1144 3136 1186 3189 ed.
1209 3137 1281 3191 1558

355 3209 478 3277 legitur:
498 3224 534 3260 ex
554 3207 672 3260 Pathmo
693 3208 761 3260 haec
779 3210 870 3260 mittit.

317 3341 321 3346 1
429 3279 459 3338 'l
480 3280 583 3331 Toxlus
604 3280 735 3345 repetitus
746 3285 788 3332 est
799 3297 834 3332 ex
847 3278 889 3332 ed.
903 3280 981 3344 1530,
996 3279 1100 3332 collatis
1112 3279 1282 3332 editionibus

359 3350 429 3404 153ss
458 3356 485 3402 et
512 3351 586 3405 1558.
623 3351 697 3402 Haec
722 3352 874 3420 disputat-io
899 3352 997 3404 ultima
1016 3357 1058 3404 est
1078 3367 1191 3416 earum,
1212 3367 1284 3419 quae

357 3441 374 3473 a
386 3422 502 3474 liuthero
513 3424 632 3489 scriptae
645 3425 673 3473 in
686 3422 728 3476 ed,
741 3424 811 3478 1530
823 3422 977 3487 traduntur,
994 3424 1030 3475 ibi
1043 3425 1116 3475 enim
1129 3429 1284 3491 sequuntur

357 3496 429 3545 banc
449 3494 649 3546 conclusiones
671 3495 722 3546 Nic
752 3495 901 3548 Amsdorfii
923 3502 950 3548 et
966 3495 1176 3563 Disputationes
1209 3494 1279 3548 Phil.

246 3569 259 3592 ⁸
358 3566 587 3618 Melanchthonis.
614 3566 719 3617 Harum
738 3565 966 3635 Propositicnum
987 3567 1097 3618 Lutheri
1123 3566 1205 3619 etiam
1226 3568 1278 3617 sin-

357 3639 465 3705 gularis
486 3637 587 3704 prodiit
607 3637 692 3689 editio
712 3640 763 3691 sub
783 3639 878 3695 titulo:

353 3707 357 3719 ’
428 3707 563 3760 Iudicium
584 3710 642 3761 ilar
659 3710 662 3774 Ι
679 3712 729 3761 tini
749 3710 860 3763 Lutheri
890 3709 924 3762 dc
943 3708 1032 3774 Votis,
1052 3712 1125 3776 scrip
1142 3708 1146 3774 Ι
1164 3714 1222 3761 tum
1244 3708 1279 3760 ad

359 3780 510 3847 Episcopus
537 3790 564 3833 et
589 3780 594 3848 Ι
619 3782 756 3835 Diaconos
783 3782 847 3835 Vuit
872 3780 876 3850 Ι
902 3780 1072 3849 tembergeu.
1099 3780 1103 3847 Ι
1129 3780 1283 3833 Ecclesiae.

357 3850 597 3921 Vuitternbergae.
616 3853 639 3906 4.
657 3853 732 3920 (siue
751 3870 839 3917 ann0;
863 3852 932 3905 tituli
944 3854 1048 3921 pagina
1067 3855 1163 3921 liguris
1184 3854 1283 3921 margi-

356 3922 466 3973 nalibus
486 3932 528 3975 est
547 3930 662 3989 ornats3
694 3923 767 3975 baud
787 3925 870 3978 dubie
889 3939 962 3976 anno
983 3924 1054 3979 1521
1081 3924 1154 3979 liber
1173 3930 1216 3977 est
1233 3926 1283 3975 im-

357 4007 477 4059 pressus.
517 3994 603 4059 (Bibl.
623 3996 747 4049 Norimb.
767 3996 829 4052 897.
859 3996 924 4049 Nro.
953 3995 979 4050 8.
1001 3996 1122 4062 (Panzer
1150 3994 1198 4061 IX,
1219 3994 1283 4065 80).
