3159 4792
354 498 420 573 332
706 508 915 579 mutones

356 682 513 758 hudtiliter
532 716 654 777 sapere,
675 698 777 757 soisns
800 702 883 757 osrte
906 695 1116 771 otverissime,
1139 700 1283 755 entonam

357 799 420 841 non
443 799 513 841 osse
534 787 704 858 mortuum,
726 779 781 840 sed
804 780 905 841 adhue
926 779 1094 858 prinoipem
1117 797 1199 856 esse,
1221 796 1284 839 non

356 865 446 923 unius
468 863 612 941 hominis,
634 883 692 924 neo
708 865 798 923 unius
819 864 965 943 regionis,
989 861 1043 921 sed
1061 862 1155 922 totius
1169 862 1284 939 mundi,

356 947 442 1007 ouius
465 948 639 1026 potentiss,
672 948 804 1007 astutiae
826 954 858 1005 et
879 945 1013 1007 malitiae
1035 964 1127 1005 nemo
1150 963 1214 1005 non
1238 950 1285 1007 est

356 1028 523 1105 subiectus,
547 1030 606 1090 nisi
619 1048 696 1089 unus
708 1029 856 1105 Christus,
879 1029 973 1107 etqui
987 1035 1058 1089 sunt
1073 1047 1146 1089 vere
1160 1026 1285 1088 Christi.

440 1111 543 1186 Quare
565 1131 628 1173 non
656 1119 704 1173 est
733 1112 816 1191 quod
840 1113 940 1172 securi
969 1113 1064 1171 simus
1095 1118 1127 1171 et
1149 1110 1285 1191 superbe

356 1214 502 1276 egemus,
532 1202 563 1255 et
584 1214 642 1255 nos
669 1196 755 1275 ipsos
779 1196 924 1255 miremur
950 1196 982 1254 in
1005 1194 1104 1273 glorio
1126 1194 1284 1254 donorum

357 1278 575 1339 excellentium
606 1298 700 1358 supro
732 1279 870 1357 reliquos
906 1278 1057 1339 homines.
1100 1276 1198 1337 Vides
1223 1276 1285 1354 hio,

357 1362 384 1420 si
405 1361 479 1421 lieet
500 1361 611 1421 saltem
634 1361 696 1421 hoo
722 1361 862 1441 gloriari,
893 1380 933 1421 ex
969 1367 1084 1439 quante
1103 1359 1287 1421 infirmitate

357 1463 408 1503 me
429 1444 579 1505 Dominus
614 1446 791 1524 provexerit
823 1444 853 1503 in
887 1444 1049 1522 virtutem,
1087 1462 1126 1503 ex
1167 1451 1286 1522 quanto

356 1527 532 1607 ignorantia
553 1528 582 1586 in
606 1528 783 1605 seientiam,
813 1546 853 1587 ex
874 1534 990 1607 quanto
1014 1529 1148 1587 tremore
1169 1528 1202 1587 in
1225 1527 1285 1587 for-

358 1609 528 1687 titudinem,
548 1629 612 1669 non
630 1617 714 1670 oerte
734 1612 802 1670 sine
823 1610 974 1691 agonibus
997 1617 1029 1669 et
1049 1608 1286 1689 tentationibus,

357 1700 392 1752 ut
419 1695 468 1753 isti
501 1693 644 1754 eudeculi
675 1699 707 1753 et
737 1692 811 1753 loeti
847 1692 1039 1774 soriptorouli
1072 1699 1285 1773 praesumunt.

356 1776 424 1837 Neo
443 1782 547 1837 temen
571 1794 610 1837 eo
629 1777 766 1856 perveni,
788 1794 850 1855 quo
865 1777 910 1837 illi
922 1777 984 1837 iem
1007 1775 1120 1837 dudum
1143 1776 1201 1837 sibi
1218 1794 1288 1855 per·
1406 1844 1407 1849 .

356 1860 481 1919 venisse
502 1860 654 1920 ridentur.
696 1858 775 1919 Nem
806 1865 839 1919 ut
875 1878 988 1940 papam
1025 1865 1057 1919 et
1089 1858 1285 1919 maiestatem

356 1942 423 2001 eius
444 1961 527 2003 nuno
549 1960 612 2002 non
633 1941 808 2019 formidem,
831 1949 933 2003 tomen
947 1942 1043 2003 Deum
1066 1960 1169 2021 papae
1183 1940 1287 2001 adhue

357 2024 524 2087 formidare
546 2042 652 2106 oogor,
674 2044 757 2106 pens
778 2027 888 2107 magis,
911 2044 1001 2105 quern
1024 2024 1221 2105 aprinoipio.

443 2107 584 2186 Summa,
617 2125 676 2167 nos
703 2108 779 2169 nihil
801 2128 920 2188 sumus,
954 2109 1091 2169 Christus
1120 2108 1207 2168 solus
1240 2114 1290 2168 est

358 2191 474 2269 omnio,
497 2192 548 2270 qui
570 2191 596 2251 si
618 2196 739 2252 evertet
755 2192 866 2269 fsoiem
888 2210 985 2269 susm,
1007 2210 1065 2251 nos
1087 2192 1234 2270 perimus,
1257 2198 1290 2251 et

359 2280 448 2335 saun
472 2274 656 2355 triumphat.
686 2276 778 2335 etiem
803 2278 828 2335 si
850 2276 948 2335 sonoti
971 2274 1052 2335 Petri
1074 2281 1106 2333 et
1127 2274 1216 2333 Pauli
1240 2293 1288 2334 es·

358 2376 469 2419 semus.
512 2357 715 2418 Humiliemus
735 2357 830 2441 igitur
849 2359 966 2419 animos
999 2363 1122 2417 nostras
1151 2357 1288 2437 subpo·

358 2442 437 2501 tenti
459 2460 551 2501 monn
573 2442 647 2519 Dei,
680 2447 714 2502 ut
745 2442 861 2503 exultet
894 2461 951 2503 nos
986 2442 1016 2500 in
1054 2448 1195 2520 temporo
1217 2460 1286 2502 suo.

356 2523 441 2583 Deus
471 2524 554 2583 enirn
581 2523 721 2603 superbis
754 2527 884 2602 resistit,
917 2522 1080 2585 humilibus
1107 2528 1210 2584 nutem
1234 2512 1315 2585 dst'
1408 2538 1409 2595 j

357 2608 501 2685 gretiam.
546 2604 632 2667 Siout
660 2607 729 2669 Deo
752 2607 933 2668 ssorifioium
956 2613 1003 2667 ost
1026 2607 1151 2686 spiritus
1173 2610 1286 2667 contri·

357 2686 492 2765 boletus,
513 2690 557 2748 its
570 2688 650 2749 haud
666 2690 758 2752 dubie
769 2690 951 2751 seorifioiunr
966 2689 1081 2751 diaboli
1099 2690 1224 2770 spiritus
1238 2698 1289 2751 est

358 2771 550 2850 praefractus
571 2779 603 2831 et
626 2791 760 2837 securus.
791 2775 870 2835 Vale
881 2775 912 2835 in
926 2774 1071 2850 Domino,
1093 2780 1134 2851 st,
1156 2774 1182 2833 si
1206 2793 1287 2854 opus

359 2852 414 2914 tibi
439 2855 488 2937 sit,
510 2874 579 2915 meo
604 2855 708 2917 labore
730 2864 761 2918 et
781 2858 926 2937 exemplo
949 2856 1066 2917 melior,
1080 2855 1225 2919 effloisre.

688 3000 697 3021 ’
718 3004 986 3155 5555555555.

417 3203 455 3266 R.
477 3203 510 3266 P.
532 3204 682 3265 Mertinus
705 3204 854 3265 Lutherus
876 3204 1030 3267 subiectos
1053 3191 1223 3267 sententies

737 3288 905 3368 disputavit

635 3369 729 3433 Anno
750 3372 791 3432 Μ.
815 3372 851 3433 D.
875 3368 1000 3454 XIX.*)

399 3472 427 3532 1.
450 3468 565 3530 Beatus
588 3477 644 3549 est,
669 3472 719 3549 qui
741 3472 819 3532 vivit
840 3476 873 3531 ut
895 3470 970 3534 vult.

434 3589 465 3656 ⁶)
487 3589 546 3641 Hae
565 3590 787 3658 Propositiones:
816 3589 918 3645 Beatus
948 3595 990 3645 est
1007 3596 1059 3643 eto.
1078 3604 1133 3643 non
1155 3590 1288 3657 leguntur

355 3661 382 3710 in
403 3659 467 3712 edit.
491 3662 714 3728 Propositionum
733 3662 860 3730 liutheri,
889 3678 961 3731 quoe
988 3678 1062 3716 enno
1085 3662 1152 3716 1530
1173 3662 1286 3731 prodiit,

356 3732 383 3782 in
404 3731 466 3784 edd.
482 3733 547 3786 1538
566 3732 832 3800 et15581eguntu1·.
852 3734 955 3787 Toxius
976 3740 1070 3787 noster
1089 3736 1224 3802 repetitus
1245 3738 1287 3785 est

356 3804 476 3857 exedit.
496 3804 574 3869 1538,
594 3804 750 3859 collatsed.
773 3808 849 3861 1558.
872 3806 900 3857 tn
913 3804 955 3859 ed.
975 3806 1045 3862 1538
1056 3805 1202 3873 inscriptio
1217 3806 1287 3866 haee

356 3880 412 3925 est:
433 3876 464 3926 R.
485 3876 512 3925 Ρ.
534 3875 666 3928 Martinus
685 3878 786 3930 Luther
805 3878 944 3930 subiectos
962 3880 1112 3931 sententies
1132 3878 1288 3946 disputabit

355 3944 407 3995 Die
425 3946 500 3999 Jovis
518 3949 658 4015 proxime.
695 3948 777 4002 Anno
804 3948 837 4005 Μ.
858 3950 890 4003 D.
911 3950 981 4005 XIX.
1012 3953 1061 4017 (ci.
1084 3950 1189 4005 Wuloh.
1213 3950 1286 4019 Opp.

354 4014 436 4070 tun.
454 4016 524 4071 xlx.
543 4034 571 4087 p.
594 4020 653 4074 107.
673 4019 768 4089 1722).
