3159 4792
486 479 551 543 hob.
570 480 599 541 in
618 494 739 557 promot.
759 475 905 543 Doctorali
925 479 1022 542 Theoi.
1150 472 1212 550 321

289 672 404 735 deinde
425 680 457 735 et
476 681 638 755 peecatum
660 674 760 754 ipsum
782 675 813 733 in
837 692 930 734 earne
952 679 1058 734 nostra
1079 674 1213 735 hostilis·

290 758 403 817 simum
425 757 547 819 hostem
576 765 608 818 et
628 765 876 839 oppugnatorem
898 758 1095 835 acerrimum,
1109 756 1138 835 ¹)
1168 758 1213 816 in-

290 838 521 920 defatigabilem
544 839 793 914 eonscientiae2)
818 840 942 901 tandem
960 848 992 900 et
1011 840 1108 920 ipsam
1134 858 1213 900 mor·

290 930 369 1001 tem,
392 925 451 983 nisi
470 930 575 1021 partos
597 924 713 984 faceret
733 924 802 1003 ipsa
830 924 998 1005 sapientia,
1027 930 1058 983 et
1079 942 1133 983 ore
1156 942 1212 983 suo

290 1008 412 1085 potenti
435 1026 492 1067 nos
515 1009 681 1086 animaret,
704 1024 773 1066 esse
795 1006 915 1067 scilieet
935 1025 993 1066 noa
1014 1008 1148 1067 victores
1161 1005 1213 1065 od-

290 1090 497 1150 veroariorum
528 1096 701 1151 nostrorum
734 1090 881 1150 omnium.
923 1088 1023 1149 Habet
1055 1090 1135 1149 enim
1160 1089 1213 1148 lin-

291 1192 386 1253 guam
420 1173 570 1235 eruditam
594 1172 647 1255 (ut
673 1172 782 1232 Esaias
814 1170 918 1254 dicit),
941 1191 1002 1250 qua
1024 1166 1128 1251 potest
1150 1172 1213 1252 lap-

291 1275 359 1315 sum
384 1262 557 1316 sustentare
587 1256 699 1334 verbo,
727 1254 822 1316 habet
842 1256 1051 1315 testimouium
1075 1254 1105 1316 S.
1127 1254 1159 1315 S.
1180 1258 1212 1315 iu

290 1338 387 1401 eorde
410 1347 527 1414 nostro,
549 1340 633 1419 quod
655 1358 724 1399 oum
747 1337 860 1398 fidnoia
881 1339 996 1400 elamat
1016 1336 1132 1399 Abba
1149 1358 1174 1417 p
1183 1358 1213 1401 a·
1285 1380 1288 1387 ·

290 1424 368 1482 ter!
393 1423 584 1503 quo'epiritu
607 1422 760 1483 olamante
783 1427 816 1481 et
837 1420 931 1481 verbo
956 1424 1146 1483 sustentante
1164 1422 1214 1489 ¹in-

291 1504 371 1565 firmi
392 1506 579 1584 loquuntur,
599 1507 680 1566 siout
694 1504 869 1585 prophetae
892 1501 1067 1583 loquuntur.
1110 1504 1150 1563 m
1170 1505 1214 1563 in·

291 1587 398 1647 firmus
431 1589 518 1649 dicit:
553 1589 632 1669 Ego
661 1588 897 1663 sunnfortis,
935 1594 966 1649 el
999 1606 1066 1651 oum
1100 1585 1214 1649 Paulo:

292 1669 431 1731 Omnia
464 1691 619 1751 possum
656 1671 694 1731 in
724 1690 794 1748 eo,
826 1672 887 1751 qui
919 1689 973 1729 me
996 1670 1214 1731 aorrfortat.

291 1753 353 1815 Sed
372 1773 433 1814 non
448 1754 548 1813 solum
569 1756 601 1815 in
616 1754 677 1815 hoo
692 1760 740 1813 est
752 1760 863 1833 potens
877 1772 912 1813 os
927 1760 1063 1813 nostrum
1086 1759 1116 1811 et
1134 1753 1214 1832 sapi-

291 1838 377 1897 entia
405 1838 524 1914 vietn'x,
546 1837 630 1917 quod
648 1856 706 1897 uos
718 1838 749 1896 in
765 1838 956 1897 conscientia
974 1842 1081 1896 nostra
1094 1836 1215 1895 vinctos

293 1926 438 1981 etoertos
450 1920 630 1981 devictoria
651 1918 733 1997 facit,
755 1940 859 1980 verum
876 1920 1002 1999 etipsos
1021 1918 1215 1979 adversarios

292 2002 417 2064 tandem
440 2022 478 2063 eo
501 2003 598 2085 adigit
619 2011 650 2063 et
670 2004 846 2083 prosternit,
868 2010 901 2063 ut
924 2022 979 2063 sua
1001 2019 1124 2081 quoque
1143 2020 1215 2062 oon·

292 2088 423 2147 seientia
444 2088 569 2182 propria
596 2079 731 2148 'eonvioti'
761 2092 913 2167 cogantur
942 2084 1101 2169 diaere³):
1141 2084 1219 2145 Hio

292 2177 351 2230 est
373 2167 524 2251 digitus
546 2171 630 2256 nei,
653 2171 831 2239 etiterum:
859 2168 1054 2247 Nunquam
1078 2162 1134 2229 'sio
1161 2168 1217 2228 lo·

292 2259 406 2313 cutus
426 2255 491 2313 'eat
510 2253 634 2331 homo,
655 2254 728 2313 lieet
749 2252 836 2313 multi
857 2271 897 2312 ex
918 2250 981 2331 his,
1010 2252 1060 2329 qui
1083 2253 1125 2313 ita
1147 2270 1218 2311 oon·
1254 2259 1258 2269 “

293 2337 366 2395 vieti
389 2334 502 2416 sunt4)
527 2334 701 2416 pharisaioa
722 2336 870 2415 opinione
893 2342 924 2395 et
946 2334 1062 2393 malitia
1073 2353 1129 2413 per
1152 2333 1216 2394 ‹lia-

294 2419 400 2481 bolum
424 2419 562 2499 obsessi,
590 2420 722 2501 gloriam
751 2418 868 2478 viatrioi
892 2416 1062 2497 sapientiae
1085 2435 1147 2477 uon
1170 2418 1219 2476 tri-

293 2502 406 2581 buant,
444 2510 545 2563 tamen
568 2513 601 2563 ut
631 2509 791 2563 serventur
813 2498 935 2583 oonfisi,
963 2502 1099 2561 sentiunt
1119 2501 1218 2569 victos

295 2606 365 2647 sese
387 2604 457 2647 esse
470 2586 527 2663 ⁵),
559 2588 604 2647 ita
629 2595 662 2647 et
682 2588 713 2648 in
734 2587 872 2665 utrisque
893 2586 967 2645 satis
992 2584 1152 2643 manifesta
1174 2588 1222 2646 eat

295 2669 439 2749 potentia
467 2671 528 2730 oris
560 2676 591 2729 et
617 2672 789 2751 sapientiae
813 2666 933 2732 Christi.
976 2666 1053 2727 Nam
1088 2669 1138 2747 qui
1172 2686 1220 2727 aa·

296 2751 373 2813 dunt
396 2758 428 2813 et
448 2751 583 2813 fatentur
604 2773 638 2814 se
659 2755 774 2832 victos,
797 2751 872 2819 dant
894 2752 1053 2811 victoriam
1073 2760 1104 2810 et
1127 2750 1219 2811 fellei-

293 2841 339 2907 ter
368 2854 403 2895 se
427 2854 497 2896 esse
520 2836 621 2897 victos
640 2833 778 2917 gaudent
813 2840 844 2895 et
870 2834 990 2915 gratias
1012 2831 1117 2913 agunt.
1160 2832 1219 2910 Qui

292 2938 366 2996 vero
390 2938 454 2978 non
475 2918 625 2997 latentur,
648 2920 768 2981 etiamsi
791 2920 946 2995 sentiant,
968 2922 1099 2997 pergant
1120 2914 1218 2998 indig-

292 3002 379 3078 nari,
408 3001 525 3085 iurare,
558 3002 774 3086 blasphemare
802 3002 880 3061 haeo
903 3000 1037 3061 maxima
1075 2996 1218 3079 causei),

291 3084 375 3164 quod
399 3084 496 3145 victos
523 3088 719 3163 assentiunt
770 3090 907 3146 ttamen
937 3082 1036 3141 viotos
1059 3098 1128 3163 sese
1150 3099 1219 3140 esse

291 3167 415 3248 pudet„
441 3166 537 3229 Nobis
558 3168 680 3248 plaoeat
702 3170 884 3247 fortissima,
907 3164 1130 3249 potentissima,
1153 3152 1220 3223 sub·

292 3252 419 3311 vissima
441 3252 611 3332 sapientia,
647 3274 701 3335 per
734 3272 825 3331 quam
861 3248 950 3311 nobia
978 3246 1032 3308 dat
1059 3248 1219 3307 victoriam

291 3334 377 3394 Deus
398 3340 487 3413 pater
510 3335 609 3395 omnis
638 3333 806 3414 victoriae,
841 3328 1021 3395 benedictus
1052 3333 1084 3398 in
1106 3327 1219 3393 secula.

290 3418 403 3477 Amen.
973 3414 974 3419 ’

330 3567 362 3620 lt
391 3564 542 3620 Schneider
560 3567 749 3619 hicomissum
764 3578 825 3618 ease
845 3566 951 3617 censett
972 3566 1006 3615 et.
1029 3560 1062 3628 2)
1074 3556 1224 3613 Schneider

293 3638 551 3707 interpungendum
572 3654 634 3691 esse
653 3641 796 3706 opinatur:
824 3634 1062 3703 indefatigabilem
1084 3632 1223 3685 consolen-

291 3712 367 3776 tioe‚
386 3708 498 3763 tandem
519 3718 547 3761 et
564 3714 654 3778 ipsam
673 3716 790 3763 mortam
811 3714 861 3761 eto.
899 3708 931 3773 3)
951 3707 1095 3758 Schtitaiua
1112 3704 1157 3755 hia
1175 3718 1224 3770 po·

290 3784 348 3836 suit
367 3789 554 3848 puuctum.
592 3781 626 3849 4)
646 3781 797 3835 Schneider
827 3785 891 3848 post
920 3793 980 3834 roo.
1008 3781 1093 3831 sunt
1111 3790 1222 3829 comma

290 3853 451 3921 ponendum
471 3870 533 3907 esse
551 3856 715 3922 auspicatur.
754 3853 782 3919 5)
803 3850 955 3907 Schneider
972 3854 1037 3919 post
1056 3864 1116 3902 voc.
1136 3860 1221 3903 ease

291 3931 425 3996 punctum
444 3924 604 3993 ponendum
625 3942 687 3996 ease
706 3930 793 3995 putat.
813 3924 846 3990 6)
868 3922 1012 3975 Scheider:
1034 3919 1221 3975 hacmaxima

290 4012 384 4049 causo.

331 4121 425 4165 liuthari
439 4132 491 4171 opp.
509 4122 535 4163 V.
552 4120 579 4161 Α.
594 4120 622 4161 ad
637 4121 677 4164 rai.
690 4121 740 4160 hist
754 4120 769 4159 1.
783 4130 805 4169 p.
819 4118 869 4160 Vol.
882 4117 920 4158 tv.
1013 4094 1054 4159 21
