3159 4792
571 500 606 560 ris
625 506 729 561 unitate
747 507 886 567 κωπίω
904 504 1025 560 divinae.
1059 483 1063 492 ⁸
1197 494 1261 569 m

368 735 372 744 -
406 694 455 756 17.
480 691 575 768 cuod
605 692 771 757 didectics
808 694 911 775 arguis
939 692 1020 754 lineo
1051 692 1125 754 anie
1148 690 1265 773 tegnlis¹

341 774 597 871 mammete,
626 776 791 841 dicendum
821 784 884 838 est:
909 776 1019 838 Mulier
1039 782 1144 837 taceat
1160 776 1262 837 iri-ec·

340 856 454 1005 dell}
477 940 560 1005 Nihil
583 945 709 1025 miram,
738 944 765 1006 si
788 944 897 1021 Arius,
917 943 1064 1020 Innitens,
1086 940 1263 1003 liehometh

341 1029 375 1085 et
396 1030 481 1085 totus
504 1026 635 1091 mundus
657 1033 774 1110 negent
796 1028 950 1090 Christum
972 1045 1042 1087 esso
1064 1025 1175 1091 Deum.¹

406 1132 455 1194 19.
479 1130 598 1193 Iudicat
619 1134 700 1195 enlm
724 1148 835 1195 caecus
857 1133 1027 1208 decolore,
1050 1137 1262 1193 etereatorem

341 1212 373 1272 in
396 1214 511 1300 seipso
530 1214 747 1277 subsistentem
769 1218 935 1278 aestiment
947 1214 1077 1277 similem
1095 1220 1263 1293 creatorae,

342 1308 422 1375 quse
444 1312 483 1357 ex
503 1297 602 1359 nihilo
625 1306 759 1362 constat.
1237 1301 1240 1328 ²

404 1381 455 1444 20.
484 1380 613 1443 Movent
633 1380 773 1463 qnidam,
806 1399 845 1444 an
879 1380 1042 1442 dicendam
1075 1382 1130 1442 sit:
1169 1380 1264 1442 Pater

343 1474 465 1543 semper
485 1466 606 1546 genuit,
634 1467 684 1527 vel
746 1474 837 1528 neret
857 1464 983 1544 lilium,
1012 1464 1080 1544 rel,
1107 1482 1147 1525 en
1169 1464 1264 1525 Filius

344 1562 466 1627 semper
487 1547 577 1609 nattis
600 1550 650 1629 sit,
673 1562 692 1610 v
746 1567 870 1631 semper
891 1554 1043 1610 nascatur.

359 1643 362 1654 ’
405 1650 454 1717 21.
484 1650 624 1715 Alterum
654 1655 779 1717 modurn
803 1652 949 1735 loquendi
972 1654 1022 1735 qui
1045 1658 1166 1730 tenent,
1194 1670 1264 1713 cau·

344 1742 450 1795 santur
471 1734 578 1797 lilium
600 1738 658 1799 Dei
681 1738 795 1801 debere
816 1736 876 1799 dici
899 1758 1021 1820 semper
1042 1738 1163 1815 natum,
1193 1734 1265 1815 quia

237 1896 239 1901 Ι
343 1820 541 1963 lffitssfflffl
563 1828 683 1905 tempus
706 1823 887 1907 perlectum,
911 1841 1069 1903 praesens,
1103 1819 1262 1901 imperiec-

405 1986 456 2049 22.
477 1978 610 2047 Hilarius
632 1994 663 2048 et
684 1986 737 2048 alii
760 1977 999 2061 andentdicere‚
1020 1983 1134 2059 Filium,
1142 2005 1264 2070 semper

344 2069 430 2129 nasci
452 2088 491 2129 ex
513 2068 613 2149 Patre,
636 2077 667 2131 et
688 2072 790 2132 vivum
814 2091 853 2133 ex
875 2072 946 2133 vivo
970 2066 1083 2149 vivere,
1107 2073 1138 2132 et
1160 2089 1200 2131 ex
1220 2070 1264 2129 in·

344 2145 486 2213 nascibili
511 2154 606 2215 nesci.

406 2236 455 2299 23.
479 2226 540 2297 sed
561 2236 637 2328 pulo
659 2232 741 2295 hanc
762 2255 833 2298 esse
853 2226 950 2317 magis
965 2237 1196 2317 grammaticam
1215 2234 1265 2299 vel

345 2311 610 2399 philosophicam,
644 2336 735 2399 quarn
766 2316 975 2405 theologicam
1011 2321 1264 2410 controversiam

346 2419 407 2483 qua
428 2420 500 2463 caro
523 2421 577 2464 seu
598 2402 678 2463 ratio
699 2410 851 2466 movetur.

407 2502 456 2566 ul.
485 2500 562 2563 Cum
592 2509 710 2574 certum
739 2504 796 2579 sit,
824 2505 855 2565 in
887 2502 1066 2582 divinitate,
1094 2467 1166 2582 quia
1197 2504 1266 2583 ipsa

346 2584 512 2648 aeternitas
534 2592 591 2665 est,
613 2584 730 2647 nullum
755 2606 825 2649 esse
846 2588 949 2649 locum
971 2587 1192 2667 grammaticae
1214 2586 1265 2649 vel

346 2666 581 2749 philosophiae,
611 2665 662 2730 ubi
690 2668 772 2731 idem
796 2677 845 2732 est
871 2670 1085 2751 praeteritum,
1117 2689 1265 2751 praesens

351 2756 381 2816 el
402 2750 577 2903 rllilmllllde
604 2834 803 2917 praeteritum
839 2842 959 2914 tempus
986 2834 1085 2898 Natus
1116 2834 1156 2897 de
1184 2834 1264 2899 Filio

345 2914 427 2976 idem
450 2915 537 2990 fecit,
557 2917 641 2997 quod
663 2915 806 2979 Nascitur
826 2937 973 2999 praesens
997 2927 1032 2979 et·
1049 2917 1201 2980 Nascetur
1221 2918 1265 2979 iu·

348 3005 460 3147 tumlti..
491 3081 573 3159 Quia
591 3082 673 3148 idam
694 3082 789 3147 Illlins
811 3089 861 3145 est
879 3082 918 3144 oh
940 3089 1085 3160 aeterno,
1116 3086 1148 3145 in
1168 3090 1265 3145 setes·

346 3184 419 3309 pum
438 3172 541 3308 pctus,
565 3180 707 3246 nascens,
729 3167 911 3245 nasciturus,
931 3165 964 3227 id
984 3173 1043 3247 est,
1065 3173 1208 3230 ceteram
1225 3188 1266 3230 ex

376 3265 568 3396 eomepisdut
589 3334 673 3392 recte
695 3331 812 3393 deDeo
827 3323 1055 3394 dicitur'nobis:
1077 3333 1160 3393 Deus
1183 3353 1266 3395 nran-

347 3413 402 3495 sit,
434 3422 552 3493 monet,
582 3414 735 3494 manebit,
767 3435 836 3477 cum
867 3415 941 3475 nihil
963 3415 1047 3476 eliud
1069 3416 1265 3497 significetur,

348 3513 438 3579 quam
462 3513 532 3559 esse
553 3494 651 3559 Deum
675 3514 798 3579 semper
819 3518 873 3559 seu
896 3504 1065 3560 aeternum.

392 3584 456 3660 Ι28.
480 3596 573 3660 Suum
595 3598 690 3658 luisse
712 3606 759 3658 est
780 3618 902 3679 semper
923 3619 1002 3677 esse,
1025 3618 1112 3661 suum
1134 3598 1265 3662 futurum

347 3686 395 3741 est
415 3699 538 3762 semper
558 3682 664 3759 fuisse,
685 3700 772 3766 suum
794 3702 943 3763 praesens
966 3689 1013 3746 est
1034 3701 1156 3763 semper
1172 3682 1266 3743 luisse

347 3764 378 3823 et
399 3760 542 3842 futurum,
563 3762 595 3825 id
619 3770 675 3841 est,
697 3770 867 3828 aeternum.
1225 3781 1235 3793 “

410 3848 458 3912 29.
487 3846 556 3908 Hoc
578 3854 625 3908 est
646 3847 722 3910 illud
740 3867 854 3919 nomen
878 3849 1010 3927 lehova,
1041 3848 1125 3929 quod
1147 3867 1266 3910 sacrum

347 3934 620 4010 tetragrammaton
642 3938 674 3994 et
696 3930 853 3995 ineffabile
874 3933 981 3994 dicunt
995 3932 1113 4014 ludaei,
1135 3933 1266 4013 etiamsi,

347 4011 420 4094 quid
442 4012 556 4094 dicant,
577 4014 846 4095 nouintelligant
