3159 4792
350 442 413 553 668
658 486 817 559 Dirputrtio
835 487 870 545 D.
888 488 923 545 li.
944 492 970 543 L.

350 670 528 735 scandulum
550 672 632 751 epud
655 690 726 750 ees,
765 673 931 753 episeopus
963 674 1053 737 unius
1085 676 1191 737 uxoris
1229 676 1279 735 vir

350 774 420 815 esse
441 763 578 835 oogotur.
1126 799 1132 807 .

371 840 418 902 64.
443 838 560 898 Temen
582 840 661 898 inter
681 837 813 899 Iudaeos
835 838 896 900 hoo
928 840 1068 901 instituto
1091 842 1278 921 episeopum

349 919 438 1001 ligeri
460 929 650 1001 non.potest
671 931 756 983 oerto
780 920 992 983 demonstrari.

371 1005 421 1067 66.
445 1002 600 1082 Siquidem
634 1012 709 1065 noto
743 1012 814 1065 sunt
843 1006 910 1065 iure
930 1006 1068 1067 Mosaios
1099 1004 1138 1065 de
1173 1006 1276 1067 fratris

350 1084 620 1165 defunctionem,
657 1086 748 1148 etde
780 1087 844 1149 filio
874 1095 1018 1169 oorrnpto
1047 1090 1145 1150 invito
1176 1095 1276 1169 petre,

349 1187 429 1247 quoe
451 1176 568 1250 eogunt
588 1169 719 1249 plurium
743 1190 813 1232 esee
835 1191 965 1233 uxorum
981 1174 1095 1235 ‘virum

370 1255 421 1317 66.
444 1251 532 1327 Quae
554 1270 617 1313 non
640 1254 738 1334 magis
760 1261 833 1315 sunt
853 1254 1013 1337 abrogato,
1038 1274 1129 1335 quom
1155 1255 1278 1334 relique

350 1336 471 1413 omniu,
498 1335 530 1395 id
564 1342 621 1414 est,
652 1336 766 1415 libere,
795 1356 853 1398 neo
885 1338 1053 1419 prohibitu,
1089 1358 1149 1399 neo
1188 1356 1277 1419 prue-

350 1427 450 1498 oepte.

371 1504 421 1567 67.
443 1502 511 1563 Nisi
542 1503 721 1583 permissum
755 1503 840 1563 illom
874 1503 1080 1583 pluralitatem
1118 1503 1276 1585 prohiberi

350 1584 478 1664 dixeris,
511 1604 590 1666 quoe
611 1605 650 1646 ex
670 1586 800 1666 repudio
824 1588 908 1649 venit
929 1588 1022 1649 etiam
1043 1607 1063 1648 e
1083 1587 1206 1653 Christo
1229 1606 1276 1646 re·

351 1678 493 1730 mestum
516 1677 547 1730 et
568 1668 755 1732 demnatum.
1213 1713 1217 1718 -

371 1753 421 1816 68.
444 1751 569 1832 Alioqui
591 1752 707 1812 nullam
734 1752 940 1832 pluralitatem
966 1772 1094 1813 uxorum
1117 1750 1275 1833 prohiberi

351 1832 465 1895 dieeret
487 1835 557 1896 tulis
578 1836 760 1915 episeopus,
796 1836 853 1896 nisi
883 1854 962 1915 quoe
990 1856 1052 1897 non
1081 1840 1191 1896 ooeots
1220 1855 1277 1915 per

350 1915 462 1998 legem,
483 1925 538 1979 out
559 1919 685 1999 vulgato
706 1939 761 1999 per
783 1938 881 1997 usum,
903 1918 959 1981 sed
977 1937 1056 1999 quoe
1073 1918 1200 1979 libidine
1222 1938 1274 1998 pe·

352 2006 474 2063 teretur.

370 2084 420 2147 69.
443 2081 536 2157 Quod
556 2088 659 2143 eutem
680 2085 713 2144 in
735 2103 797 2145 uno
809 2104 905 2147 uxore
918 2084 1024 2145 Patres
1041 2085 1273 2164 monogamiam
1291 2132 1295 2141 .

350 2165 583 2244 intellexerunt,
617 2166 717 2227 simile
738 2178 787 2227 eet
807 2167 870 2247 illi,
902 2166 952 2229 uhi
986 2169 1120 2247 quinque
1146 2168 1274 2243 telentn,

350 2250 485 2329 quinque
515 2267 640 2326 seusus,
673 2255 705 2313 et
724 2251 856 2311 fruetum
886 2254 1086 2313 oenteeimum
1115 2252 1273 2331 virginita-

350 2339 412 2395 tem
433 2332 618 2412 intellignnt
933 2366 935 2371 ·

370 2419 420 2481 70.
443 2415 519 2476 Cum
542 2415 619 2475 fides
635 2436 698 2478 non
719 2416 807 2495 ieret,
830 2423 863 2477 ut
876 2423 985 2498 gentes
999 2416 1146 2479 talentum
1161 2416 1274 2479 Christi

349 2506 380 2559 et
399 2498 529 2559 fructum
553 2499 706 2579 evangelii
728 2500 878 2583 babeant,
909 2519 989 2579 quoe
1011 2508 1113 2561 temen
1137 2502 1274 2579 quinque

349 2600 459 2641 sensus
481 2588 512 2641 et
533 2582 739 2661 virginitatem
761 2581 886 2648 hebent.

370 2667 421 2729 71.
443 2664 537 2745 Digni
559 2665 676 2727 scilieet
697 2667 803 2745 venie,
833 2666 915 2745 quod
939 2666 1040 2728 studio
1068 2667 1219 2727 eastitatis
1240 2666 1272 2725 in

349 2748 430 2809 hene
451 2755 570 2829 portem
592 2757 807 2829 excesserunt,
840 2748 912 2811 dum
934 2750 965 2810 in
994 2758 1113 2831 portem
1136 2748 1273 2809 libidinis

350 2831 482 2894 defieere
508 2834 683 2896 timuerunt.

368 2920 420 2983 72.
442 2916 522 2991 Quia
544 2915 702 2997 indignum
725 2916 894 2993 videbatur,
916 2916 948 2977 id
970 2917 1049 2977 inter
1076 2914 1184 2977 fideles
1208 2933 1272 2975 uon

350 3000 550 3061 exoellentius
585 3000 732 3075 inveniri,
766 2998 850 3079 quod
882 3001 914 3060 in
949 2998 1101 3077 aliquibus
1128 2998 1273 3078 gentibue

350 3083 517 3146 cernebant
538 3090 692 3161 uteunque
714 3083 873 3162 preesteri.

370 3168 421 3231 73.
444 3165 534 3241 Quod
556 3174 659 3227 eutem
691 3166 731 3225 de
751 3167 839 3227 unius
862 3166 965 3226 uxoris
989 3165 1054 3225 viro
1078 3164 1191 3225 dietum
1215 3170 1273 3243 est,

349 3249 431 3310 idem
453 3249 492 3309 de
514 3247 607 3309 viduo
629 3249 716 3309 unius
743 3250 799 3309 viri
821 3268 919 3308 uxore
937 3246 1171 3329 intelligendum
1194 3255 1251 3309 est.

369 3334 420 3398 74.
444 3332 486 3395 Ut
507 3331 599 3393 vidue
630 3333 709 3393 heee
736 3334 777 3392 eit
798 3332 929 3393 honeste
950 3332 1079 3409 femine,
1112 3350 1191 3409 quoe
1215 3348 1272 3391 euo

349 3426 381 3479 et
401 3436 463 3477 uuo
485 3417 551 3476 viro
573 3422 735 3493 contenta,
763 3414 910 3477 adulteris
933 3421 966 3475 et
992 3414 1215 3477 soortetoribus
1237 3432 1274 3473 ee

349 3520 413 3563 non
434 3499 632 3581 prostituerit.

370 3587 420 3649 75.
442 3584 506 3643 Aut
526 3584 552 3643 si
574 3582 614 3642 de
635 3582 755 3643 ludueis
777 3583 857 3642 inter
879 3587 987 3661 gentse
1010 3579 1096 3659 loqui
1118 3579 1211 3657 libet,
1232 3577 1275 3641 de

348 3666 509 3746 repudiate
531 3672 563 3725 et
583 3666 662 3741 aliis,
684 3668 750 3725 iure
770 3664 921 3742 Moesico,
950 3662 1097 3724 uxoribus
1120 3664 1271 3743 reeipien-

349 3748 406 3828 dis,
428 3769 468 3811 ne
490 3756 600 3830 gentes
611 3748 848 3826 offenderentur,
870 3746 1058 3827 intelligitur.

369 3836 418 3897 76.
442 3833 544 3913 Turpe
566 3833 647 3893 enim
670 3836 734 3913 est,
756 3838 790 3891 ut
812 3830 969 3897 mulierem
993 3832 1129 3891 omnium
1155 3831 1207 3905 (ut
1229 3827 1276 3907 di-

349 3916 444 3991 eitur)
468 3917 602 3976 virorum
625 3915 689 3975 olet
709 3913 851 3993 eeclesia,
875 3915 1120 3994 eutepieoopum
1133 3914 1273 3973 omnium

349 3998 509 4059 mulierum
531 3999 628 4059 virum
648 3997 828 4078 proefieeret
851 3997 1033 4068 ministerio.
