3159 4792
377 490 420 559 00
541 496 720 556 ,canonia
738 498 842 555 lodoct.
862 500 1079 557 Luthsrauorum
1169 476 1175 484 ⁵

523 771 722 833 canonici
743 770 901 833 Indocti
922 773 1149 849 Lutherani,

377 955 437 1016 quo
471 940 584 1018 scripto
618 938 696 997 inter
731 939 850 1015 omnia,
887 957 965 1018 quae
996 945 1070 1000 tuno
1105 938 1187 1001 edita
1217 948 1296 1015 sunt,

377 1021 492 1082 nullum
525 1024 623 1082 acrius
645 1021 730 1082 Eccii
761 1023 896 1082 animum
925 1025 1092 1104 pupugisse
1113 1022 1215 1083 ierunt
1240 1021 1295 1105 (cs.

376 1103 588 1166 fleckendorfii
608 1104 686 1168 Hist.
709 1104 795 1165 Lutb.
825 1105 846 1181 Ι,
871 1111 897 1179 5.
920 1108 975 1184 52,
1005 1126 1034 1186 p.
1058 1107 1128 1184 88).
1152 1107 1297 1185 Fuerunt,

376 1187 427 1267 qui
449 1187 723 1269 oecolampadium
752 1188 912 1249 crederent
939 1191 1064 1251 nomine
1086 1189 1215 1250 duorum
1239 1190 1297 1251 fra·

374 1275 463 1346 trum,
487 1271 654 1332 Bernhardi
678 1272 735 1349 (cf.
748 1270 959 1333 Seekendorfli
973 1272 1050 1334 Hist.
1064 1272 1149 1334 Luth.
1167 1273 1190 1350 l,
1216 1279 1243 1347 §.
1257 1275 1295 1337 67

374 1373 404 1432 p.
431 1354 487 1435 99)
524 1362 555 1416 et
588 1355 724 1417 Gouradi
750 1354 1031 1434 Adelmannorum,
1067 1356 1297 1419 canonicorum

375 1436 573 1518 Augustanae
607 1439 774 1518 ecclesiae,
809 1438 890 1498 hunc
924 1439 1033 1515 librum
1070 1441 1295 1520 composuisse,

376 1539 445 1580 aum
460 1540 520 1600 qua
532 1524 685 1583 sententia
698 1541 868 1603 congruere
880 1522 1030 1599 videntur,
1054 1541 1131 1602 quas
1144 1522 1296 1583 Lutherus

376 1603 405 1665 d.
417 1605 446 1669 8.
458 1624 498 1667 m.
510 1604 665 1667 Februarii
677 1625 705 1666 a.
717 1608 798 1671 1520
815 1604 975 1685 spalatino
998 1606 1102 1667 refert:
1126 1606 1296 1684 „Bernhar-

375 1687 431 1748 dus
447 1688 659 1756 Adelmannus
686 1690 809 1769 scripsit
830 1708 899 1749 sese
922 1708 1056 1767 curasse,
1075 1697 1110 1750 ut
1131 1689 1225 1750 Eccio
1250 1708 1295 1750 re-

371 1771 605 1850 sponderetur.“
650 1771 755 1850 (Luth.
784 1772 863 1853 Epp.
893 1770 940 1836 ed.
968 1772 1062 1835 Aurif.
1086 1771 1116 1853 Ι,
1140 1774 1210 1836 241.
1256 1770 1296 1833 de
1405 1748 1406 1783 ³

374 1853 480 1915 Wette
499 1856 522 1932 Ι,
545 1857 637 1931 404).

457 1970 605 2033 Lutherus
637 1972 766 2052 primum
799 1971 838 2034 de
869 1972 930 2033 hoc
967 1972 1045 2033 libro
1076 1973 1155 2033 baec
1191 1972 1297 2035 scribit
1405 2014 1406 2027 .

376 2052 535 2133 Spalatino
559 2055 608 2116 die
625 2058 672 2119 10.
685 2075 724 2116 m.
738 2055 875 2116 Januarii
889 2076 915 2116 a.
932 2058 1012 2121 1520
1020 2078 1031 2126 :y
1049 2056 1135 2117 Eccii
1147 2055 1295 2136 spurcilo.
1405 2052 1406 2107 1

375 2137 446 2215 quia
467 2138 551 2199 nolui
574 2139 709 2216 mittere,
747 2158 827 2219 quae
855 2138 949 2199 edidit
981 2140 1013 2199 in
1035 2138 1180 2199 articulos
1204 2158 1296 2199 ame

372 2219 516 2282 defensos
547 2222 583 2298 (i.
607 2242 648 2283 e:
666 2221 715 2283 Ad
737 2223 925 2283 malesanam
948 2221 1295 2296 LutheriVenationem

374 2323 466 2383 super
496 2304 637 2385 Epistola
674 2305 716 2366 ln.
751 2304 872 2366 Emseri
906 2304 944 2366 de
976 2305 1193 2386 Disputatione
1225 2304 1295 2387 Lip-

373 2388 458 2447 siaoa
478 2422 519 2431 -
540 2388 626 2448 Eccii
648 2388 862 2468 Responsio):
901 2387 1030 2466 videbis,
1053 2390 1077 2449 si
1101 2387 1185 2465 libet,
1208 2408 1295 2468 prae·
1405 2418 1406 2423 ¹

373 2488 453 2532 sens.
499 2470 723 2532 Canonicos
756 2471 944 2532 indoctos
975 2471 1079 2553 legisti
1109 2471 1202 2532 credo
1226 2491 1294 2532 eru-

374 2552 524 2614 ditissime
556 2562 587 2615 et
607 2554 879 2635 grandiloquenter
905 2556 936 2614 in
959 2554 1128 2634 sophistam
1151 2574 1296 2637 grassan-
1405 2554 1406 2561 ’

372 2638 451 2704 tes.“
496 2635 600 2719 (Lutb.
614 2635 694 2717 Epp.
716 2637 764 2698 sd.
787 2638 883 2701 Auris.
904 2636 927 2716 Ι,
948 2659 979 2718 p.
992 2640 1063 2703 226.
1087 2637 1126 2698 de
1149 2636 1254 2699 Wette
1270 2637 1296 2717 Ι,

371 2739 402 2799 p.
426 2720 516 2799 389).
559 2720 617 2780 Die
638 2721 668 2783 8.
691 2740 731 2781 m.
753 2719 908 2781 Februarii
936 2721 1073 2782 noudum
1096 2728 1196 2781 certus
1219 2729 1296 2799 erat,

371 2807 439 2863 uter
459 2813 567 2863 auctor
583 2809 666 2863 esset
675 2803 785 2866 borum
806 2800 1022 2884 „indoctorum
1044 2802 1295 2865 doctissimorum

373 2884 637 2964 canonicorum“,
671 2885 831 2947 Corradus
853 2887 1065 2949 Adelmannus
1087 2887 1180 2949 frater
1201 2886 1295 2948 Bern-

371 2968 473 3048 bardi,
504 2989 543 3029 an
566 2968 827 3052 Oecolampadius
862 2968 918 3055 (cf.
946 2969 1032 3033 Luth.
1055 2970 1135 3053 Epp.
1164 2970 1212 3033 ed.
1235 2970 1298 3032 Au·

371 3051 417 3116 rit.
439 3052 468 3130 Ι,
487 3054 573 3117 2414.
602 3053 641 3115 de
663 3052 768 3115 Wette
788 3054 804 3115 Ι
826 3075 856 3135 p.
878 3057 968 3133 404).
1012 3054 1070 3115 Die
1092 3056 1141 3119 27.
1173 3072 1213 3115 m.
1241 3055 1296 3115 Fe·

243 3132 246 3139 ’
370 3134 483 3197 bruarii
504 3156 532 3199 a.
555 3138 635 3203 1520
656 3135 815 3217 spalatino
845 3140 983 3198 nuntium
1006 3136 1109 3215 affert,
1133 3136 1296 3198 Oeoolam·

393 3217 494 3278 adium
529 3238 598 3281 esse
635 3226 794 3281 auctorem
827 3220 1053 3281 canonicorum
1087 3220 1295 3303 indoctorum,

371 3240 452 3363 Enoc
489 3301 629 3362 tradem:
681 3301 818 3379 „Scribit
854 3300 1113 3383 oecolampadius
1151 3302 1294 3385 Philippo

372 3390 489 3464 nostro,
511 3404 545 3444 se
568 3404 637 3445 esse
659 3392 815 3446 auctorem
839 3384 1066 3447 Canonicorum
1090 3386 1295 3467 indoctorum,

371 3467 559 3546 fecisseque,
582 3474 615 3527 ut
636 3467 792 3529 hominem
815 3467 872 3529 sibi
895 3469 954 3550 ipsi
977 3470 1171 3547 ostenderet,
1211 3469 1295 3532 dein·

372 3568 445 3631 ceps
467 3552 526 3611 nisi
553 3552 706 3630 quiescat,
739 3552 801 3614 alia
822 3552 988 3613 facturum:
1027 3558 1294 3635 conquestumque

371 3632 497 3711 Eccium
521 3634 639 3712 scribit,
672 3633 788 3697 nullum
820 3638 966 3717 scriptum
989 3643 1097 3698 contra
1119 3656 1152 3697 se
1177 3636 1293 3698 editum

372 3718 492 3797 aegrius
520 3718 657 3779 tulisse.“
711 3717 812 3794 (Luth.
847 3718 925 3801 Epp.
960 3718 1007 3785 ed.
1040 3720 1136 3783 Auril.
1162 3718 1193 3797 Ι,
1223 3720 1293 3785 249.

373 3798 412 3868 de
433 3800 538 3866 Wette
559 3800 581 3881 Ι,
605 3799 696 3885 422).
821 3861 824 3869 ,
1276 3812 1278 3818 ’

453 3918 556 3981 Editio
579 3918 738 4001 originalis
758 3918 848 3981 huius
870 3918 954 3999 libri,
977 3939 1068 4000 quam
1093 3940 1151 3983 nos
1173 3922 1205 3981 in
1227 3922 1295 3983 red·
1391 3914 1395 3919 ’

299 4035 303 4039 -
371 4000 474 4063 dendo
503 4007 589 4066 textu
610 4004 708 4065 secuti
744 4022 864 4087 snmus,
903 4010 935 4066 et
955 4003 1052 4070 cuius
1067 4005 1292 4089 ,exemplapin
