3159 4792
550 482 647 529 eontra
659 492 773 541 ‚errores
795 476 827 530 n.
848 477 924 531 luth.
1140 473 1204 543 295

322 668 461 724 catorem
485 664 631 725 verItatis.
674 663 745 726 Non
767 663 884 745 absque
905 684 999 726 causa
1019 666 1111 727 toties
1134 664 1199 727 alli·

321 748 366 805 ois
387 744 562 808 Lntherum.

322 837 362 905 o)
386 828 521 888 Nimium
544 848 646 891 caves.
1048 890 1052 902 ,

365 910 467 988 Alias,
504 913 529 972 s'i
564 904 713 995 (quoda)
739 911 837 995 absIt)
862 912 1008 972 Martinus
1038 912 1204 991 praefatus,

281 994 470 1075 complices,
507 995 658 1071 fautores,
693 994 896 1055 adhaerentes
932 1001 962 1055 et
994 1001 1206 1074 receptatores,

279 1078 432 1159 praedicti
455 1096 544 1138 secus
567 1080 699 1159 egerint,
724 1097 778 1137 seu
802 1079 971 1157 praemissa
991 1076 1022 1155 ¹)
1048 1078 1152 1138 omnia
1174 1084 1205 1138 et

281 1161 406 1241 singula
425 1160 506 1221 infra
527 1162 688 1221 terminum
711 1161 899 1241 praedictum
917 1180 984 1220 cum
1008 1159 1119 1221 effectu
1141 1179 1203 1222 non

280 1243 480 1323 impleverint
495 1243 541 1320 ²),
574 1243 718 1323 Apostoli
746 1244 901 1303 imttantes
929 1244 1115 1319 doctrinam,
1148 1244 1205 1323 'qni

280 1326 471 1387 haereticum
501 1326 658 1387 hominem
694 1336 765 1406 post
807 1328 935 1406 primam
975 1334 1006 1386 et
1037 1326 1206 1386 secundam

282 1410 509 1470 correctionem
524 1408 683 1469 vitandum
697 1409 811 1489 docuit,
836 1429 875 1468 ex
889 1427 970 1468 nunc
981 1412 1017 1487 b)
1043 1415 1135 1489 prout
1156 1428 1206 1468 ex-

282 1499 357 1553 tunc
394 1499 426 1551 et
458 1505 628 1553 econverso
657 1492 788 1552 eundem
811 1490 991 1563 Martinum,
1027 1492 1206 1573 complices,

282 1575 505 1653 adhaerentes,
526 1575 662 1636 fautores
685 1583 717 1635 et
738 1581 946 1655 receptatores
969 1574 1142 1655 praelatos,
1177 1580 1208 1634 et

283 1679 391 1720 corum
415 1656 591 1737 quemlibet,
612 1664 758 1737 tanquam
780 1658 883 1719 aridos
896 1658 1048 1737 palmites,
1072 1658 1103 1715 in
1124 1656 1224 1735 Chris
1310 1680 1313 1683 ·

283 1750 332 1803 sto
357 1760 420 1801 non
444 1748 622 1818 manentes,
651 1739 705 1800 sed
728 1741 900 1803 doctrinam
926 1740 1125 1817 contrariam,
1161 1758 1209 1798 ca·

284 1822 506 1886 tholicaeddei
527 1823 692 1901 inimicam,
714 1826 780 1883 si've
803 1823 1028 1900 scandalosam,
1051 1840 1105 1882 seu
1127 1820 1209 1881 dam-

284 1916 409 1989 natam,
431 1908 461 1965 in
486 1926 548 1967 non
571 1906 723 1968 modicam
749 1905 898 1967 offensam
922 1904 1044 1965 divinae
1066 1906 1209 1965 maiesta-

284 1994 323 2052 tis
347 2009 385 2049 ac
408 1990 589 2049 universalis
612 1991 780 2067 ecclesiae,
810 1996 840 2049 et
868 1986 947 2049 fidel
963 1987 1136 2057 catholicas
1158 1986 1208 2047 de-

285 2076 481 2150 trImentum,
516 2079 547 2133 et
570 2072 747 2133 scandalum
772 2072 1016 2152 dogmatizantes
1040 2076 1071 2131 et
1092 2068 1209 2149 praedi-

285 2164 394 2217 cantes
407 2154 453 2237 3),
474 2155 586 2216 'claves
599 2154 630 2237 θ)
657 2174 779 2235 quoque
802 2154 953 2215 ecclesiae
974 2152 1210 2232 vilipendentes,

284 2240 427 2301 notarios
458 2246 489 2298 et
519 2240 692 2317 pertinaces
720 2239 893 2297 haereticos
916 2236 1024 2295 eadem
1047 2236 1212 2295 autoritate

181 2335 182 2338 ’
286 2324 383 2384 fuisse
406 2327 437 2381 et
459 2340 528 2381 esse
551 2316 760 2399 declarantes,
794 2318 919 2380 eosdem
951 2327 982 2378 ct
1005 2317 1081 2377 tales
1103 2317 1210 2377 harum

287 2407 368 2467 serie
391 2404 649 2481 condemnamus,
681 2411 713 2464 et
743 2422 797 2463 eos
820 2422 875 2481 pro
899 2401 1008 2461 talibus
1038 2400 1143 2459 haberi
1172 2399 1210 2459 ab

181 2519 182 2522 ¹
288 2488 435 2550 omnIbus
457 2490 614 2568 utriusque
635 2505 729 2547 sexus
751 2484 1005 2547 Ghnstifidelibus
1028 2482 1211 2563 supradictis

181 2577 182 2602 ³
287 2570 448 2648 volumus,
476 2580 507 2631 et
529 2571 724 2632 mandamus:
755 2588 871 2647 eosque
893 2586 1001 2630 omncs
1024 2573 1056 2626 et
1074 2565 1213 2647 singulos

287 2654 431 2716 omnibus
460 2653 640 2733 supradictis
671 2659 702 2712 et
724 2652 790 2711 aliis
808 2646 921 2711 ‘contra
943 2650 1020 2711 tales
1043 2668 1061 2707 a
1082 2649 1147 2709 iure
1168 2649 1212 2707 in·

286 2737 379 2798 flictis
401 2737 520 2815 poenis·
533 2738 739 2817 praesennum
763 2741 871 2795 tenore
893 2733 1081 2809 subiicImus,
1105 2738 1135 2791 et
1157 2732 1213 2790 eis·

289 2821 359 2881 dem
382 2821 516 2879 Irretitos
539 2818 574 2893 d)
612 2820 706 2879 fnisse
735 2825 767 2877 et
794 2836 863 2877 esse
896 2816 1087 2875 deoernImus
1110 2820 1141 2875 et
1163 2813 1213 2872 de-

290 2905 453 2965 claramus.
1153 2918 1161 2935 ·

331 2986 368 3061 a)
393 2985 502 3064 Neque
523 2986 603 3044 enim
627 3002 644 3042 e
665 3002 699 3042 re
720 2988 773 3041 tua
795 2981 859 3042 erit.

333 3070 371 3143 b)
402 3068 533 3128 Pulchra
572 3067 699 3126 locutio.
758 3064 805 3123 En
853 3061 953 3122 stilum
974 3058 1006 3133 ⁴¹)
1053 3060 1215 3119 Romanae

333 3152 454 3211 Curiae.
567 3145 571 3150 ‘
964 3195 965 3199 ,
1199 3152 1204 3159 ’

333 3243 368 3306 c)
394 3232 467 3295 Non
497 3230 827 3302 videbamusclavcs,
860 3229 921 3286 iam
951 3224 1122 3305 Imperator
1143 3221 1218 3298 Leo,

334 3326 366 3375 tu
389 3318 469 3376 enim
493 3315 613 3397 gladios
636 3328 855 3392 usurpaveras,
878 3329 968 3389 quem
990 3306 1121 3367 vidimus
1143 3303 1216 3364 mul-

334 3402 373 3459 tis
396 3418 465 3462 curn
490 3398 610 3457 milibus
631 3397 662 3455 in
675 3395 781 3457 Urbini
797 3394 913 3453 Ducem
935 3392 1015 3469 ferri,
1038 3409 1075 3450 ac
1097 3388 1217 3467 sangui-

333 3502 405 3542 nem
428 3480 668 3543 Christianorum
692 3477 828 3539 fundere.

335 3564 373 3647 d)
398 3564 467 3624 Hoc
486 3562 562 3623 illud
591 3569 639 3622 est
660 3560 865 3641 apostolicum
888 3564 969 3633 rete,
1006 3574 1067 3635 quo
1091 3553 1215 3631 capiun-

335 3655 384 3708 tur
406 3648 548 3707 bomines
571 3652 604 3705 ut
625 3650 764 3725 pereant,
785 3662 803 3703 o
827 3641 1006 3702 novitatem.

349 3905 382 3969 1)
396 3903 426 3953 In
440 3902 483 3954 ed.
494 3902 618 3955 tilmon:
635 3899 781 3967 promissa.
811 3895 842 3957 2)
861 3892 982 3946 Ibidem:
1004 3867 1223 3956 adimpleverint,

296 3971 454 4101 {guigltiduenm
482 3962 583 4028 dedum
610 3972 710 4024 rerba:
743 3975 771 4021 et
789 3965 990 4035 praedicantes.
1049 3961 1080 4029 4)
1102 3958 1223 4015 Ibidem:
