3159 4792
388 511 453 589 262
726 515 808 571 Bullo
826 513 978 578 Leonie'X.

389 698 1059 782 mnam,quemmspnene,10ngatandem
1075 699 1317 780 compressione,

391 783 526 846 libertati
547 791 691 862 nostroe,
718 804 757 846 ne
779 785 861 846 vires
883 785 1010 864 recipiet
1036 804 1076 846 eo
1096 785 1189 865 plene
1211 783 1318 844 revivi-

393 874 470 947 noet,
492 867 599 929 obiioit
619 875 651 928 et
671 869 811 949 opponit.
855 867 911 930 Oui
926 887 983 929 nos
998 867 1072 928 tolie
1090 867 1233 930 molienti
1256 885 1316 928 non
1402 925 1403 928 ,

394 950 590 1012 obsistimus?
610 959 665 1012 ont
686 951 809 1031 publieo
832 950 979 1030 oonsilio,
1001 971 1041 1012 ne
1063 951 1186 1031 longius
1206 969 1317 1031 penvo·
1402 953 1403 978 i

390 1032 460 1112 oet,
491 1052 570 1094 neve
590 1033 705 1113 aliquid
735 1054 791 1113 pro
813 1033 946 1096 hominis
973 1035 1128 1114 irrequieti
1150 1033 1318 1113 eupiditate

391 1122 424 1178 et
455 1115 586 1178 eudneie
619 1117 751 1195 effieint,
788 1117 885 1179 multo
919 1124 991 1180 ente
1027 1115 1195 1178 novemus?
1219 1115 1318 1192 Quae·

391 1218 427 1262 eo
467 1217 525 1260 von
558 1219 614 1280 per
652 1200 857 1263 immortalem
892 1201 1060 1278 Christum,
1100 1198 1223 1280 quondo
1265 1219 1317 1279 op-

390 1288 556 1363 portunum
587 1283 685 1364 magis
707 1291 827 1364 tempus
849 1283 919 1360 fuit,
952 1283 1208 1364 quondomelior
1229 1301 1317 1344 oeen-

277 1366 279 1373 ’
390 1366 437 1426 eio
459 1364 545 1426 dedit
573 1385 609 1426 ee
641 1365 756 1446 aliquid
779 1366 936 1430 Germano
958 1368 1084 1448 dignum
1112 1367 1238 1428 nomine
1267 1385 1317 1446 ge·

389 1447 498 1517 rendi?
522 1447 633 1510 Omnia
646 1449 757 1510 videtis
774 1469 813 1510 eo
826 1450 963 1529 tendere,
986 1457 1019 1510 ut
1040 1470 1111 1530 opes
1131 1449 1179 1523 sit,
1203 1455 1319 1528 quanto

391 1550 546 1612 nunquam
568 1533 661 1612 prius,
684 1535 868 1594 exstinctum
890 1535 926 1596 iri
940 1534 1022 1595 hano
1039 1532 1243 1614 tyrannidem,
1267 1531 1317 1591 isti

390 1615 500 1678 morbo
518 1611 893 1677 medicinemedfuturem.
936 1616 1026 1692 Quod
1049 1616 1161 1678 audete
1182 1614 1319 1694 tandem,

392 1718 431 1760 no
450 1697 600 1780 perficite.

473 1779 545 1843 Non
565 1780 713 1844 lutherus
742 1783 842 1863 agitur
869 1782 931 1844 hoo
953 1783 984 1841 in
1014 1783 1157 1862 negotio,
1193 1781 1249 1841 sed
1281 1779 1319 1840 ed

392 1883 501 1926 omnes
522 1865 665 1944 pertinet,
688 1863 834 1944 quidquid
857 1865 911 1926 est.
955 1864 1021 1926 Nee
1042 1866 1073 1926 in
1097 1884 1189 1926 unum
1212 1883 1319 1944 quem·

391 1948 475 2028 piem
496 1947 547 2008 hie
567 1945 724 2026 stringitur
737 1946 869 2028 gladius,
892 1948 947 2008 sed
958 1947 1081 2028 pobliee
1092 1953 1321 2028 oppugnamur,

393 2030 504 2101 nolunt
524 2028 686 2092 reelemori
707 2048 782 2093 suae
806 2031 971 2110 tyrennidi,
994 2049 1066 2092 sues
1089 2031 1213 2092 frendes
1236 2030 1318 2091 dete-

393 2113 423 2193 gi
446 2111 565 2189 nolunt,
588 2131 723 2192 suosque
744 2115 856 2192 operiri
878 2114 976 2192 tuone,
1001 2133 1057 2176 suo
1079 2115 1174 2174 furori
1199 2113 1318 2190 obsisti,

394 2215 469 2257 sune
489 2201 686 2276 grassatur-ee
714 2195 969 2276 impedimentum
1001 2195 1076 2260 lieri.
1119 2197 1189 2258 Hoo
1217 2198 1318 2276 ipsum

396 2286 452 2355 est,
475 2279 561 2359 quod
580 2277 787 2359 indignentur,
811 2279 956 2360 quodque
969 2279 1102 2342 fremunt
1115 2299 1213 2359 usque
1228 2279 1319 2360 adeo,

393 2370 428 2429 ut
455 2381 490 2423 ee
525 2363 650 2423 minime
677 2361 791 2424 deeore
825 2370 919 2446 agent
940 2362 992 2425 ibi.
1036 2362 1127 2438 Quod
1157 2363 1320 2426 manifeste

393 2445 534 2506 videntes
557 2463 624 2518 voe,
647 2445 719 2524 quid
743 2445 867 2507 tandem
891 2446 1010 2526 egetis?
1047 2445 1130 2526 quod
1154 2447 1318 2508 eonsilium

393 2526 530 2588 inibitie?
551 2527 601 2587 Me
623 2526 746 2607 quidem
769 2529 795 2588 ei
817 2528 958 2605 audietis,
978 2528 1151 2590 Germanos
1170 2547 1240 2590 esse
1264 2547 1320 2590 vos
1402 2549 1403 2568 ³

396 2610 604 2670 memineritis.
648 2608 735 2684 Quae
756 2631 818 2672 une
833 2613 1035 2676 commonitio
1047 2613 1121 2673 setin
1135 2631 1205 2672 esee
1217 2611 1320 2690 debet,
1402 2659 1403 2698 ,

394 2699 429 2752 ut
448 2691 527 2752 heeo
556 2692 727 2753 vindicetis.
770 2693 838 2775 ligo
861 2714 944 2756 nuno
972 2701 1081 2758 vestro
1105 2701 1136 2756 et
1163 2694 1321 2766 communi
1402 2747 1403 2758 i

395 2776 521 2835 nomine
542 2775 708 2855 periclitor,
731 2776 787 2836 sed
805 2776 944 2838 libenter.
988 2778 1120 2838 Primum
1144 2779 1225 2838 enim
1248 2779 1321 2842 faeti
1355 2801 1360 2809 ¹

395 2858 538 2918 ooneoius
560 2858 633 2918 mihi
661 2878 729 2918 sum
750 2859 962 2939 pulcherrimi,
993 2859 1105 2921 deinde
1134 2880 1196 2920 non
1228 2880 1320 2940 spero
1402 2889 1403 2894 ¹

394 2942 466 3018 inm,
488 2940 542 3002 eed
564 2959 621 3022 pro
645 2941 854 3020 oertohobeo,
877 2944 969 3004 etiem
994 2963 1101 3004 omnes
1131 2962 1188 3004 vos
1211 2943 1320 3004 eedem

378 3023 561 3110 ,aliquando
583 3043 712 3085 nnenros
735 3043 864 3090 meeum.
908 3026 994 3086 Hoee
1014 3045 1088 3088 vero
1102 3026 1192 3086 Bulla
1212 3033 1247 3087 ut
1269 3046 1322 3107 pu·
1402 3009 1403 3088 J

394 3107 559 3168 blieeretur
579 3126 676 3180 nune,
699 3114 788 3168 autor
808 3109 850 3168 fui
879 3109 918 3171 ob
940 3109 987 3187 id,
1010 3116 1052 3190 ut,
1074 3129 1142 3170 eum
1166 3109 1320 3190 legeretis,

395 3189 486 3250 ieoile
507 3190 546 3251 ob
568 3210 630 3250 une
652 3190 810 3252 dieoeretie
833 3211 951 3255 omnes.

776 3274 938 3351 Volete1).

479 3521 658 3599 Priusquam
680 3528 711 3581 te
733 3521 903 3603 audiemus,
926 3523 1134 3602 Sonotissime,
1157 3523 1247 3584 huius
1260 3541 1321 3584 me·

438 3605 563 3664 mineris
586 3604 773 3684 Apostolioi,
797 3606 879 3686 quod
903 3607 942 3667 ed
964 3603 1224 3690 Philippenses2)
1249 3607 1322 3667 oeri-

438 3687 533 3748 bitur:
555 3684 603 3747 ile
622 3689 692 3766 ‘quis
715 3707 771 3748 vos
794 3689 922 3750 seducet
942 3690 1005 3751 ullo
1029 3689 1143 3768 modo,
1174 3690 1320 3769 quoniam

438 3789 501 3830 non
522 3769 666 3830 adveniet
684 3771 845 3849 Dominus,
868 3774 926 3834 nisi
948 3775 1067 3834 venerit
1079 3773 1215 3834 delectio
1239 3773 1320 3854 prius

470 3957 500 4017 n
520 3959 551 4010 ln
570 3923 737 4015 ennium
753 3960 875 4024 additum
893 3966 955 4024 et:
975 3961 1008 4014 n.
1021 3961 1054 4016 n.
1077 3959 1133 4015 xx.
1170 3959 1204 4030 2)
1224 3961 1258 4016 In
1277 3961 1319 4015 eo.

395 4025 621 4103 dena-Thermi,
919 4098 922 4104 ,
957 4079 961 4092 ,
1004 4075 1006 4080 ·
1114 4089 1118 4106 ,
