3159 4792
643 488 678 542 m
697 489 814 543 nanum
833 489 868 543 x.
1150 486 1216 555 215

288 680 370 734 seret
396 674 430 734 in
456 673 621 754 triumpho.
664 672 755 749 Quod
781 673 834 735 ubi
861 672 1021 754 sophistae
1052 667 1215 738 inlslioites

288 758 398 833 oessit,
433 755 622 818 incredibilis
647 757 726 818 furia
754 756 911 819 hominem
933 758 1083 837 exagitat:
1122 759 1215 822 sentit

287 841 367 902 enim
391 859 449 900 sua
471 839 563 920 eulpa
582 840 679 902 solius
699 841 814 901 laetum
834 859 913 917 esse,
935 839 1081 920 quidquid
1102 841 1213 902 Roma

287 942 345 984 nae
368 923 515 985 infamiae
536 919 663 1003 per'me
684 931 789 984 natum
812 930 869 985 est.
1210 975 1213 978 .

370 1005 476 1086 Atque
498 1007 565 1068 sine
579 1026 638 1083 me,
661 1026 787 1086 quaeso,
810 1008 926 1086 optime
941 1006 1016 1085 Leo,
1038 1006 1088 1067 hio
1106 1013 1136 1066 et
1154 1025 1216 1066 me·

288 1109 337 1149 am
360 1089 530 1169 aliquando
554 1108 677 1151 oausam
699 1109 808 1170 agere,
842 1108 995 1168 verosque
1018 1095 1087 1152 tuos
1109 1089 1215 1153 hostes

289 1191 447 1235 accusare·
489 1172 605 1234 Notum
642 1192 711 1234 esse
742 1173 873 1234 arbitror
895 1173 965 1248 tibi,
1001 1170 1072 1250 quid
1095 1192 1214 1232 meeum

288 1257 387 1337 egerit
409 1253 579 1316 Cardinalis
600 1255 632 1318 S.
656 1255 752 1334 Sinti,
785 1254 920 1336 Legatus
948 1263 1023 1316 tuus
1038 1255 1215 1335 imprudens

289 1349 319 1400 at
340 1338 461 1416 infelix,
483 1339 545 1398 imo
567 1338 709 1400 infidelis.
752 1339 786 1400 ln
810 1339 895 1400 ouius
918 1357 1011 1398 manu
1034 1338 1073 1400 ob
1098 1341 1141 1399 tui
1163 1357 1216 1400 no-

290 1423 380 1482 minis
405 1422 609 1483 reverentiam
640 1442 708 1483 enm
740 1442 789 1483 me
811 1427 843 1482 et
865 1422 969 1484 omnia
996 1441 1067 1482 mea
1098 1423 1217 1501 posuis·

182 1573 186 1580 ,
290 1525 374 1582 sem,
396 1524 462 1565 non
484 1505 547 1565 hoe
568 1507 646 1586 egit,
669 1511 703 1565 ut
724 1524 832 1584 paoem
854 1510 1018 1581 statueret,
1040 1523 1130 1582 quam
1153 1524 1215 1568 uuo

289 1587 419 1650 verbulo
442 1588 596 1668 potuisset
615 1589 705 1648 faeile
727 1595 873 1664 statuere,
896 1606 964 1646 oum
978 1605 1037 1668 ego
1060 1595 1124 1646 tum
1146 1607 1215 1666 pro·

290 1673 443 1733 mitterem
467 1672 619 1731 silentium
643 1678 674 1732 et
696 1670 787 1732 finem
812 1689 925 1732 oausae
949 1689 1036 1730 meae
1058 1671 1251 1748 fauturum,-

290 1756 316 1814 si
328 1753 517 1814 adversariis
527 1753 608 1814 idem
620 1753 827 1816 mandaretur.
851 1752 894 1812 At
905 1753 1000 1813 homo
1012 1752 1140 1832 gloriae,
1153 1773 1217 1822 noa

291 1844 456 1898 contentus
472 1857 510 1898 eo
524 1845 626 1916 paeto,
648 1839 753 1917 eoepit
773 1836 968 1898 adversarios
988 1835 1162 1913 iustificare,
1184 1836 1217 1896 li·

290 1922 424 1982 centiam
441 1921 561 1999 aperire
577 1918 693 1980 etmihi
706 1919 895 2000 palinodiam
912 1917 1068 1995 mandare,
1091 1919 1122 1980 id
1134 1919 1217 1998 quod

290 2007 321 2066 in
334 2002 491 2064 mandatis
502 2023 627 2083 prorsus
642 2023 705 2064 non
718 2003 833 2064 habuit.
854 2003 913 2062 Hie
923 2021 1008 2078 saue,
1020 2001 1071 2064 ubi
1085 2005 1215 2066 eausain

291 2089 409 2168 optimo
433 2086 504 2146 loeo
527 2092 602 2164 erat,
624 2087 705 2148 illius
716 2089 892 2166 importuna
908 2084 1070 2165 tyrannide
1082 2087 1167 2145 venit
1178 2087 1217 2149 ‚in

291 2171 387 2230 multo
402 2169 550 2249 peiorem,
569 2169 658 2246 unde,
672 2169 819 2250 quidquid
834 2171 906 2248 post
919 2169 997 2228 haee
1010 2175 1146 2228 seeutum
1162 2175 1218 2247 est,

290 2274 351 2315 non
360 2252 496 2331 Lutheri,
518 2252 572 2312 sed
592 2253 731 2314 Caietani
741 2259 807 2312 tota
819 2251 910 2332 eulpa
922 2256 978 2326 est,
991 2251 1041 2330 qui
1054 2258 1087 2310 ut
1098 2251 1218 2312 silerem

291 2344 321 2399 et
334 2337 526 2415 quieseerem
547 2355 609 2397 non
626 2342 674 2396 est
686 2355 806 2414 passus,
830 2334 912 2414 quod
926 2343 989 2393 tum
1005 2335 1130 2392 summis
1152 2335 1219 2394 viri·

292 2421 348 2482 bus
369 2418 557 2500 poscebam,
578 2419 652 2499 qnid
674 2421 755 2480 enim
777 2418 879 2478 faeere
902 2416 1033 2496 amplius
1055 2415 1167 2476 debui?

307 2511 320 2520 '
376 2502 508 2563 Secutus
543 2511 591 2562 est
618 2503 748 2563 Carolus
778 2501 930 2578 Miltitius,
969 2506 1001 2559 et
1038 2501 1106 2580 ipse
1128 2500 1162 2561 B.
1184 2499 1218 2560 Τ.

292 2587 441 2662 nuncius,
474 2586 525 2664 qui
547 2585 643 2646 multo
666 2593 698 2645 et
721 2585 806 2645 vario
824 2585 952 2664 negotio
975 2589 1154 2642 cursans-et
1175 2602 1219 2658 re·

292 2687 439 2745 cursans,
479 2668 615 2747 nihilque
652 2669 814 2748 omittens,
848 2666 931 2747 quod
954 2665 993 2724 ad
1014 2665 1219 2746 reparandum

293 2771 412 2814 oausae
433 2757 567 2828 statum,
598 2770 687 2830 quem
711 2751 877 2812 Caietanus
899 2758 1016 2810 temere
1039 2755 1070 2809 et
1082 2749 1221 2832 ¹superbe

295 2835 491 2909 turbaverat,
518 2834 701 2914 pertineret,
737 2836 788 2894 vix
818 2833 941 2894 tandem
979 2833 1069 2891 etiam
1104 2833 1220 2892 auxilio

293 2919 490 2979 illustrissimi
518 2917 667 2996 Principis
690 2916 835 2977 Friderioi
863 2914 1014 2976 Electoris
1043 2913 1158 2990 effecit,
1190 2921 1223 2973 ut

294 3001 392 3062 semel
416 3008 447 3061 et
467 3001 577 3060 iterum
598 3000 786 3061 familiariter
809 3017 929 3058 meeum
950 2996 1142 3074 loqueretur,
1169 2995 1220 3058 ubi

295 3085 397 3146 denuo
422 3090 475 3144 tuo
497 3084 614 3143 nomini
636 3082 732 3162 essai,
764 3087 888 3163 paratus
911 3079 1019 3155 silere,
1055 3083 1221 3156 aooeptans

295 3170 388 3229 etiam
420 3165 553 3226 iudieem
588 3167 638 3226 vel
661 3165 925 3246 arehiepiscopum
948 3161 1160 3222 Trevireusem
1176 3161 1218 3238 ¹),

297 3251 347 3311 vel
370 3251 553 3329 episcopum
574 3248 851 3329 Numburgensem,
875 3254 967 3324 atque
987 3245 1030 3304 ita
1051 3244 1165 3304 fautum
1187 3251 1218 3304 et

294 3335 502 3413 impetratum.
545 3332 625 3392 Dum
653 3331 732 3392 haee
769 3351 825 3412 spe
853 3330 936 3391 bona
969 3334 1114 3408 aguntur,
1149 3345 1222 3387 eoae

297 3417 429 3477 alteret
452 3416 551 3475 maior
572 3414 671 3476 hostis
693 3422 762 3475 tuus
788 3415 875 3475 irruit
895 3413 1006 3474 Eeeius
1029 3430 1098 3470 eum
1122 3409 1222 3488 dispu-

297 3501 416 3562 tatione
437 3497 573 3578 Lipsiea,
596 3517 687 3577 quam
708 3498 882 3558 instituerat
904 3501 1010 3559 eontra
1030 3494 1068 3567 1),
1092 3491 1223 3554 Carista·

298 3582 398 3660 dium,
431 3587 464 3642 et
484 3600 567 3641 nova
600 3586 729 3660 aooepta
750 3580 789 3642 de
818 3581 948 3659 primatu
969 3596 1070 3657 papae
1092 3576 1223 3654 quaesti·

299 3682 376 3743 one,
398 3665 430 3724 in
455 3683 504 3724 me
527 3665 618 3724 vertit
638 3665 826 3743 insperatum
849 3681 948 3741 arma,
968 3667 999 3720 et
1020 3659 1141 3739 penitus
1163 3655 1224 3718 hoo

301 3748 462 3809 eonsilium
486 3749 572 3826 paeis
595 3745 732 3826 dissipat.
774 3746 946 3826 Exspectat
960 3743 1080 3803 interim
1094 3740 1222 3802 Carolus

300 3831 453 3910 Miltitius,
475 3829 661 3910 disputetur,
683 3829 800 3890 iudices
822 3830 992 3910 eliguntur,
1019 3843 1078 3886 nee
1098 3824 1149 3884 hio
1171 3824 1223 3884 ali-

373 4002 406 4071 1)
426 4000 511 4056 lned.
525 4001 591 4058 1521
613 4005 641 4057 et
652 4001 727 4056 len:
746 4000 956 4053 Trevereusem.
