3159 4792
576 500 698 589 'apuam
717 521 813 575 roam.
833 519 914 577 Eucti.
1143 507 1205 588 257

278 704 427 767 Stetimus
450 707 692 787 nuper,·Papa,
713 705 775 768 duc
799 705 995 788 Cardinalea,
1018 708 1136 771 Ductor
1156 710 1208 772 lll-

277 807 410 871 spanus,
434 797 466 850 et
486 809 563 872 ego,
585 809 642 870 per
663 790 798 869 quinque
819 790 910 851 horas
932 791 964 850 in
981 789 1204 854 deliberatione

276 871 364 932 huius
387 873 524 954 negotii,
554 872 667 954 singuli
688 872 875 954 rogabamur
894 881 1017 934 nostras
1040 873 1114 936 dare
1136 895 1204 937 sen-

276 953 444 1027 tentiask).
487 953 742 1035 Bullaeformal)
764 956 900 1035 placebit
928 956 1085 1040 buniam),
1109 961 1205 1021 mixta

275 1040 358 1098 euim
381 1047 490 1100 estex
513 1046 650 1100 veterum
673 1039 883 1101 Concilicrum
905 1057 943 1099 ac
964 1040 1147 1102 Pontificum
1171 1051 1203 1104 et

275 1120 470 1203 novorumn)
494 1121 732 1202 consuetudine,
754 1141 875 1206 errores
897 1129 969 1183 sunt
988 1125 1026 1186 41
1053 1143 1203 1206 expresse

274 1204 534 1286 condemnatio).

358 1306 407 1366 De
428 1305 620 1387 parochiap)
646 1325 732 1384 mea,
767 1307 827 1366 nisi
849 1308 959 1367 summi
981 1299 1138 1368 Pontificio
1161 1311 1204 1370 iu·-

274 1390 428 1450 terveniat
449 1390 609 1466 autoritas,
629 1390 695 1449 iure
717 1389 794 1448 nihil
807 1388 990 1469 obtinerem,
1013 1399 1045 1451 ut
1066 1412 1085 1451 a
1106 1391 1204 1454 lauto·

274 1471 358 1532 ribus
382 1474 458 1532 meis
481 1472 595 1533 intimis
617 1471 719 1535 audio.
763 1472 880 1532 Tamen
904 1492 1039 1534 summus
1061 1475 1204 1536 Pontifex

274 1574 332 1635 pro
355 1573 391 1616 se
412 1562 443 1616 et
464 1554 503 1614 ad
526 1570 634 1635 preces
651 1555 782 1635 plurium
795 1556 1119 1617 reverendissimorum
1134 1559 1203 1620 Oar-

274 1637 423 1698 dinalium
453 1638 609 1719 pollicitus
643 1644 737 1714 esta)
767 1645 935 1718 persuum
964 1648 1126 1721 pactast),
1154 1661 1204 1703 me

276 1741 341 1782 non
364 1721 527 1801 abiturum,
550 1723 622 1800 quin
636 1722 693 1780 sim
711 1720 788 1783 liber
809 1729 841 1782 et
853 1740 978 1784 securus
993 1724 1029 1790 iu¹
1047 1724 1204 1804 parochia.
1294 1744 1296 1750 ·

274 1803 355 1880 Quin
379 1804 506 1884 adiecit,
527 1804 588 1865 hoc
609 1823 716 1885 parum
739 1823 818 1884 ease,
840 1806 898 1866 nisi
921 1807 1003 1866 etin
1027 1806 1202 1887 pluribuss]

181 1949 182 1957 ,
275 1907 326 1948 me
350 1895 568 1949 remuneraret.

358 1987 433 2048 Heri
453 1988 496 2048 fui
519 2007 588 2048 cum
604 1989 746 2050 sanctiss.
769 1989 904 2050 Domino
926 1997 1034 2052 nostro
1057 1993 1087 2050 in
1110 2011 1204 2074 nego·

278 2072 322 2132 tio
345 2070 538 2152 Lutherano,
572 2071 687 2133 iaciens
709 2073 891 2134 relationem
914 2073 952 2134 de
976 2074 1126 2154 expeditis
1149 2095 1204 2156 per

277 2154 458 2216 Cardinales
480 2154 659 2236 deputatos,
683 2173 750 2216 cras
760 2154 789 2240 t)
812 2157 922 2217 iterum
943 2157 1079 2219 aditurus
1101 2159 1203 2220 Ponti-

276 2237 378 2316 licem,
399 2238 615 2318 inquirendum
638 2238 677 2299 de
699 2238 750 2299 die
772 2238 954 2302 consistorii
976 2247 1035 2304 etc.

360 2338 412 2400 Da
425 2338 526 2400 Roma
533 2343 569 2415 11)
593 2339 690 2400 multo
702 2339 810 2420 peiora
820 2338 932 2418 audivi,
955 2359 1046 2419 quam
1062 2341 1220 2402 sentiam.‘

277 2421 346 2483 Hoc
366 2420 402 2482 fit
422 2421 473 2482 hic
493 2441 532 2482 ec
543 2423 702 2502 insignius,
724 2422 750 2482 si
765 2422 837 2502 quid
850 2413 925 2483 ni'ali'
944 2423 1097 2503 acciderit,
1120 2423 1203 2504 quod

280 2505 332 2566 hic
353 2511 403 2566 est
424 2504 616 2584 colluviesx)
642 2505 725 2566 orbis
747 2505 920 2584 Christiani,
943 2513 974 2567 et
995 2507 1078 2586 quod
1099 2507 1130 2567 in
1153 2527 1204 2568 aa·

278 2590 363 2659 lisy)
388 2588 561 2668 Principum
584 2589 689 2648 evenit
708 2587 789 2668 apud
822 2596 990 2668 nostrates,
1021 2591 1102 2652 hunc
1122 2610 1204 2652 com·

279 2691 404 2732 munem
428 2672 567 2732 morbum
589 2670 684 2733 habet
705 2678 737 2732 et
758 2671 850 2732 Curia
871 2673 939 2735 ista.
984 2673 1142 2752 Getarum,
1165 2693 1205 2736 ne

279 2773 487 2837 praepropere
508 2754 630 2816 laudem
652 2754 797 2833 Romam,
833 2753 941 2816 differo
962 2757 1023 2818 alia
1045 2759 1075 2817 iu
1098 2757 1204 2819 abitio·

279 2857 367 2918 nem,
405 2844 494 2919 turpe
515 2839 595 2899 enim
627 2844 675 2899 est
707 2857 745 2900 ca
779 2839 970 2920 vituperare,
1007 2859 1087 2920 quae
1121 2843 1205 2920 prius

279 2923 502 3000 laudaverint).

364 3022 523 3084 Urbanum
554 3027 692 3083 nostrum
725 3021 805 3083 haec
834 3023 939 3103 legere
975 3020 1127 3082 desidero.
1173 3020 1205 3082 Si

282 3106 351 3185 quid
373 3125 500 3186 possem
522 3107 634 3166 iurem
657 3112 750 3184 tuam,
774 3125 874 3167 essem
897 3112 1030 3187 paratus.
1072 3103 1204 3164 Tantum

281 3189 434 3270 intelligo,
457 3190 483 3248 si
504 3189 615 3250 vellem
638 3189 753 3250 habere
766 3195 919 3283 servatum
943 3187 982 3249 ad
1000 3187 1205 3250 bonamsum·

316 3418 351 3486 k)
382 3419 501 3471 Schema
524 3413 623 3467 abusio
652 3413 718 3468 dare
746 3418 904 3472 sententias.
940 3417 967 3478 l)
999 3415 1092 3468 Bullae
1110 3416 1206 3467 l'orma.

281 3486 353 3542 Nihil
372 3493 448 3543 enim
467 3492 520 3543 nisi
535 3489 626 3538 forma
637 3493 687 3553 est,
705 3487 733 3538 ld
752 3496 801 3558 ast,
822 3491 899 3540 fucus
912 3492 939 3539 et
953 3489 1069 3556 species.
1090 3489 1133 3551 m)
1157 3485 1207 3538 Bo·

285 3565 340 3627 nis,
372 3561 400 3614 id
423 3569 479 3628 est,
498 3556 596 3614 Bullaa
617 3563 708 3613 forma
730 3563 866 3614 formatis.
904 3562 936 3623 n)
959 3560 1043 3613 Recte
1061 3571 1206 3611 novorum.

284 3634 314 3700 o)
332 3633 387 3687 Sed
407 3633 562 3702 aquibus?
599 3631 628 3700 p)
649 3630 718 3684 Ecce
738 3633 924 3686 Christianam
944 3638 1065 3685 mentem
1094 3627 1207 3681 curltc·

284 3721 355 3757 mam
387 3707 494 3759 venerit
524 3704 631 3757 Ecciua.
668 3702 702 3770 q)
729 3706 849 3759 Pretium
877 3701 974 3756 Judae.
1010 3701 1039 3771 r)
1063 3669 1208 3754 deuotissi-

287 3792 358 3829 mum
387 3776 464 3830 illud.
502 3779 531 3840 s)
552 3774 604 3841 Hic
623 3789 689 3828 vero
719 3783 823 3845 quanto
848 3777 992 3830 liberalior
1009 3774 1063 3828 Leo
1083 3771 1208 3839 caipha?

286 3847 311 3913 t)
331 3848 381 3901 llic
414 3855 495 3902 autor
520 3845 698 3901 commendat
726 3865 757 3901 ae
782 3851 883 3918 ipsum.
922 3849 955 3913 n)
975 3846 1048 3899 Nota
1066 3842 1208 3914 gratitudi·

287 3934 347 3971 uem
363 3920 511 3972 Eccianum
536 3935 587 3988 pro
613 3924 669 3972 tam
694 3921 789 3989 pingui
813 3920 952 3989 parochia.
988 3919 1024 3986 x)
1045 3916 1132 3981 Nota,
1155 3915 1208 3972 Ro·
1275 3971 1281 3981 ,

288 4005 347 4045 mae
365 3992 499 4045 colluvies
519 3998 562 4044 est
580 3992 656 4044 orbis
669 3991 779 4046 Christi.
798 4001 832 4060 y)
853 3991 1060 4060 Argumentum
1080 4003 1097 4040 a
1116 3987 1208 4041 simili.

290 4070 316 4124 a)
334 4062 363 4116 ld
381 4063 456 4132 quod
475 4079 531 4117 non
551 4062 623 4117 solat
640 4063 748 4132 Eccius,
768 4066 822 4126 nisi
841 4079 903 4117 cum
921 4063 997 4116 libet.

314 4167 403 4209 mum
417 4180 470 4220 opp.
487 4171 513 4214 v.
530 4169 557 4212 a
572 4169 600 4211 aa
613 4169 655 4212 ror.
669 4169 720 4210 ma
734 4170 750 4210 a
763 4180 785 4220 ρ.
800 4168 850 4211 vor.
863 4168 902 4210 1v.
996 4149 1036 4215 17
