3159 4792
531 486 638 543 additia
655 487 690 543 D.
709 488 788 543 lert
808 482 929 543 unum.
1159 484 1200 551 35

280 671 373 733 sollus
394 672 470 750 Dei,
491 673 585 734 atium
607 671 759 750 totaliter,
793 690 978 753 quamquem
1000 686 1114 755 uegcre
1135 690 1198 735 nou

280 773 407 834 queam,
431 773 469 815 ac
489 757 564 817 citra
585 774 710 817 umnam
732 756 909 836 superbiam
937 759 1052 837 possim
1077 755 1198 817 Christo

279 836 419 899 confiteri
440 844 534 899 suum
550 839 676 919 donum,
698 858 749 899 me
767 840 800 899 in
823 840 918 899 sacris
934 839 1028 900 literis
1042 858 1137 921 posse
1148 838 1199 899 vel

280 920 456 999 modicum,
469 940 544 1001 quas
565 922 694 984 Eccium
722 929 808 983 tuum
835 923 1033 984 fortissimum
1062 922 1214 988 nondum

279 1003 404 1065 conlido
425 1023 520 1085 posse
539 1005 669 1068 feliciter
690 1005 800 1069 ordine
821 1012 853 1065 et
873 1024 966 1066 sensu
982 1006 1121 1087 legitimo
1145 1005 1203 1066 do·-
1232 1074 1240 1087 Ι

279 1106 360 1150 uere.
400 1087 474 1149 'Nou
494 1090 577 1151 euim
598 1090 630 1149 in
653 1089 840 1151 scholastica
860 1088 1020 1171 theologia
1048 1090 1127 1149 haec
1147 1089 1199 1150 do-

280 1177 407 1250 centur,
440 1171 525 1233 dona
555 1180 659 1235 umen
696 1173 830 1254 gratuita
862 1172 920 1232 Dei
953 1180 1041 1253 snut,
1075 1178 1202 1253 propter

280 1273 359 1333 quse
397 1273 489 1315 nemo
518 1258 616 1337 megis
637 1263 757 1337 matus,
785 1257 865 1315 sicut
895 1274 954 1317 uec
981 1265 1108 1337 propter
1135 1274 1201 1316 cor-

279 1339 365 1418 poris
385 1337 526 1401 formam.

364 1420 438 1481 dum
461 1430 595 1483 sancet
627 1440 687 1503 ego
720 1424 799 1483 iuter
829 1421 1032 1482 scholasticos
1054 1412 1200 1472 doctores

280 1503 425 1581 huntus,
458 1522 554 1583 quare
574 1506 649 1566 satis
667 1513 786 1566 rectum
815 1511 878 1583 est,
911 1522 980 1564 eum
1001 1496 1202 1589 fortissimum

281 1593 312 1647 et
331 1587 594 1648 animosissimum
626 1607 646 1648 a
675 1596 707 1649 te
733 1588 870 1666 laudari,
904 1586 959 1647 sed
992 1578 1085 1646 crede
1118 1575 1201 1673 milri,

281 1671 383 1733 miuus
406 1676 489 1731 esset
511 1670 565 1732 tibi
586 1671 648 1732 huc
669 1668 981 1746 nomineleudabilis,
1005 1664 1083 1727 siin
1107 1676 1202 1755 sacris

281 1753 378 1815 literis
401 1753 452 1813 vel
472 1753 602 1815 exordia
622 1754 816 1838 theologiae,
848 1762 887 1831 et,
910 1760 944 1812 ut
965 1752 1094 1820 vocant,
1122 1760 1203 1824 priu-

281 1838 363 1916 eipia
382 1836 578 1918 intelligeret.
609 1837 690 1905 Satis
708 1836 857 1898 indicavit
877 1836 939 1897 hoc
959 1832 1080 1915 Lipsica
1099 1826 1204 1905 dispu-

281 1921 417 1997 tatione,
448 1920 586 1981 indicant
613 1927 646 1981 et
672 1920 741 1981 libri
762 1923 829 1984 eius
858 1919 897 1980 de
920 1911 1204 1999 praedestinatione

282 2012 315 2063 et
333 2003 467 2083 mystica
491 2004 667 2085 theologia,
697 2006 802 2064 omnia
827 2003 993 2065 fortissime
1022 2004 1056 2059 et
1072 2010 1203 2055 summa

280 2087 381 2165 primo
407 2092 522 2165 tentet,
554 2088 598 2148 ita
628 2094 661 2147 ut
694 2106 799 2148 cusum
832 2084 982 2168 grandem
1015 2082 1059 2143 illi
1092 2078 1206 2137 misere

285 2178 429 2230 metuam.

364 2253 518 2332 Breviter,
539 2253 607 2332 ipae
628 2258 661 2313 tu
680 2254 778 2333 nosti,
812 2252 897 2315 dolia
931 2268 1032 2311 vacua
1062 2262 1132 2306 esse
1154 2258 1203 2301 so·

281 2337 425 2397 nauticra
445 2334 555 2415 plenis.
597 2335 679 2397 Nolo
700 2355 752 2397 me
772 2336 901 2414 laudari,
923 2351 982 2395 uec
1002 2328 1202 2391 fortissimum

282 2438 341 2480 uec
361 2418 562 2480 meditantem
584 2419 615 2479 in
638 2422 734 2481 sacris
755 2421 862 2499 literis,
884 2418 940 2480 sed
963 2414 1102 2477 etEcciu
1124 2409 1204 2469 huuc

279 2510 364 2563 tunm
386 2502 511 2562 laudem
531 2502 665 2582 invideo,
688 2523 756 2564 cum
779 2511 910 2583 uterque
929 2505 1067 2562 nostrum
1091 2492 1207 2555 debeat

280 2586 351 2647 talis
372 2604 455 2664 esse,
477 2592 511 2645 ut
532 2585 710 2647 melioribus
732 2606 826 2667 quem
855 2588 922 2647 istis
944 2575 1207 2673 nominibuslau-

281 2669 386 2746 detur,
409 2688 522 2748 nempe
541 2666 657 2731 Ohristi
687 2672 832 2743 nomine,
868 2670 899 2729 iu
928 2686 990 2746 quo
1019 2664 1204 2725 fordesimus

281 2759 329 2813 est
348 2751 589 2830 infirmissimus,
619 2759 651 2814 et
672 2752 897 2815 infirmissimus
929 2757 978 2811 est
1008 2746 1204 2817 fortissimus,

280 2837 361 2897 siout
384 2835 461 2896 dicit
481 2836 512 2894 iu
533 2834 656 2897 lohela:
680 2835 820 2898 infirmus
843 2836 936 2913 dicat,
958 2833 1046 2893 fortis
1068 2849 1146 2890 eum.
1176 2908 1183 2921 .

364 2918 479 2979 Scribis
503 2920 614 2998 etiem,
647 2921 680 2980 in
702 2920 825 2981 laudern
856 2918 996 2993 scilicet,
1033 2932 1082 2974 me
1103 2926 1206 2997 omnia

279 3021 401 3063 aarum
414 3020 453 3065 ac
465 3001 610 3062 deorsum
620 3022 771 3080 versasse,
795 3009 957 3080 totamque
967 2997 1084 3077 ingenii
1105 2995 1205 3085 aciem

280 3087 340 3147 hnc
360 3084 558 3163 admolitum‚
592 3093 623 3147 et
657 3086 857 3149 contendisse
885 3081 1018 3145 Romani
1048 3074 1205 3171 pontilicis

281 3170 487 3250 principatum
509 3188 530 3229 a
551 3169 618 3230 Dec
640 3188 704 3231 uon
727 3190 805 3233 esse.
849 3168 907 3228 Hic
928 3173 959 3227 te
981 3161 1082 3245 dignis
1104 3158 1208 3221 mcdts

282 3250 466 3331 mrem,
494 3253 552 3313 uisi
576 3253 739 3314 'crederem
770 3260 802 3313 te
828 3251 945 3312 invidia
973 3251 1119 3308 vexatum
1143 3261 1205 3304 nou

280 3336 363 3399 b'eue
387 3354 515 3397 cernere
534 3335 609 3415 quid
630 3336 726 3398 dicus.
777 3335 895 3415 Credo,
923 3336 1069 3412 inquam,
1100 3336 1133 3389 te
1153 3346 1207 3407 per

281 3438 345 3481 uon
378 3438 450 3481 esse
477 3437 497 3478 a
516 3419 586 3480 Deo
612 3420 785 3501 intelligere
813 3438 876 3480 non
906 3435 976 3479 esse
1004 3416 1070 3474 iure
1092 3412 1207 3472 divino.

282 3501 334 3563 Sic
357 3504 441 3564 enim
464 3501 559 3563 verbe
586 3504 660 3563 iuris
682 3503 852 3563 Gaucuista
879 3508 910 3563 et
936 3500 1041 3561 rhetor
1068 3494 1208 3581 pulcher·

279 3588 361 3647 rima
383 3586 469 3647 chria
490 3592 522 3647 et
543 3586 651 3666 glossa
677 3586 836 3667 explicas?
871 3583 1018 3663 Alioquin
1052 3579 1124 3659 quid
1153 3596 1207 3657 po·

280 3676 364 3732 teras
387 3670 418 3729 iu
440 3688 492 3731 me
513 3668 722 3749 blasphemius
749 3669 887 3749 mentiri,
921 3685 1014 3747 quam
1042 3662 1124 3743 quud
1147 3662 1207 3721 Ro·

283 3754 370 3815 mani
392 3751 548 3831 pontificis
570 3754 776 3834 principatum
800 3752 919 3812 diceres
932 3750 1063 3810 Martius
1085 3744 1207 3827 probari

280 3855 346 3897 nou
369 3854 391 3895 u
413 3836 583 3913 Decesse,
613 3835 731 3914 idest,
758 3856 778 3895 a
808 3832 955 3895 diabulo?
997 3831 1038 3889 Et
1059 3848 1135 3890 sane
1156 3836 1209 3887 tua

282 3927 390 3987 cetera
412 3919 623 3999 perpendens,
652 3939 720 3979 cum
744 3917 866 3978 videam
897 3928 927 3977 te
949 3914 1084 3995 pessima
1104 3914 1135 3972 in
1159 3928 1208 3969 me

283 4002 469 4080 machinam,
500 4020 597 4082 prope
626 4003 810 4081 hucimor,
845 4009 879 4061 ut
905 4006 936 4060 te
966 3996 1101 4142 νιέἰιέἱιω
1128 3994 1209 4055 hauc
