3159 4792
542 518 577 575 de
596 519 721 592 digamis
739 524 944 593 episcoporum.
1136 522 1200 591 873

305 708 375 772 132.
407 706 510 787 Atque
538 708 562 769 si
586 707 726 790 digamus
748 710 841 770 etiam
862 720 1041 773 vernasset
1062 715 1203 776 crimino·
1257 716 1259 725 ’

283 809 351 868 sus,
385 797 488 851 tamen
509 790 623 871 deponi
650 791 735 853 nullo
761 794 827 853 iure
856 801 982 873 posset,
1012 797 1072 859 uisi
1103 800 1203 877 primo

283 874 514 936 criminosiores
536 875 679 954 Papistaa
706 894 776 937 cum
803 896 860 939 suo
883 878 1088 957 impurissimo
1112 882 1204 942 coeli-

282 955 356 1017 batu
377 956 512 1019 funditus
533 958 677 1018 eradicati
700 966 812 1019 essent.

305 1041 374 1103 133.
398 1040 523 1121 Alioqui
534 1040 694 1103 seditionis
708 1042 844 1122 periculo
856 1044 1072 1123 punirenturl)
1091 1044 1204 1127 digami

284 1123 477 1203 tolerabiles,
514 1133 545 1183 et
587 1124 672 1184 liberi
708 1126 955 1205 permitterentur
995 1128 1204 1191 intolerabiles

284 1212 416 1287 papatus
439 1214 635 1269 scortatores.
1114 1208 1119 1217 '

309 1290 376 1353 134.
399 1290 530 1351 Proinde
551 1290 742 1351 adversarius
765 1298 870 1352 noster
893 1291 1009 1353 trabem
1034 1293 1115 1373 apud
1130 1314 1203 1357 suos

283 1372 479 1433 considerare
501 1372 620 1453 debuit,
653 1382 817 1454 antequam
850 1375 998 1435 festucam
1035 1377 1116 1456 apud
1148 1398 1205 1439 nos

283 1455 414 1536 fingeret
436 1457 575 1516 inveniri.

305 1536 458 1615 1311119,
481 1538 552 1600 dum
575 1540 647 1599 licto
670 1541 797 1600 crimine
818 1540 957 1601 insontes
981 1540 1129 1617 maculat,
1152 1560 1205 1621 pa·

283 1628 406 1681 tronum
429 1628 460 1682 et
481 1623 660 1703 participem
683 1642 751 1682 sese
776 1624 869 1683 totius
891 1623 1129 1684 abominationis
1150 1624 1205 1683 Pa-

282 1706 429 1784 pistarum
451 1705 553 1768 faciat.

304 1791 374 1852 136.
406 1787 485 1863 Quid
507 1788 630 1848 multis?
663 1788 775 1849 nullius
807 1791 906 1873 gentis
929 1797 981 1849 aut
1004 1790 1126 1869 linguae
1149 1806 1205 1848 usu

283 1871 424 1949 digamus
448 1871 571 1950 dicitur,
606 1874 657 1951 qui
687 1872 789 1952 plures
818 1873 992 1933 successive
1015 1888 1127 1933 uxores
1150 1891 1205 1932 seu
1262 1886 1263 1893 ¹

283 1953 408 2014 viduam
431 1954 559 2016 duxerit.

306 2040 375 2102 137.
406 2036 467 2097 Sed
488 2045 597 2097 natura
618 2036 760 2097 vocabuli
783 2036 923 2117 digamus
944 2039 970 2098 is
993 2044 1109 2099 tautum
1133 2038 1205 2100 dici·

286 2124 344 2197 tur,
368 2122 419 2199 qui
441 2121 530 2180 simul
552 2121 654 2201 plures
677 2139 789 2181 uxores
812 2120 963 2183 habuerit.

307 2204 375 2268 138.
405 2202 511 2278 Qualis
543 2204 599 2263 fuit
620 2202 752 2263 Lamech
776 2202 829 2263 ille
853 2203 949 2264 Gens.
971 2204 1017 2281 4.,
1051 2204 1207 2264 Abraham

245 2311 250 2321 ·
283 2304 409 2367 quoque
438 2294 468 2346 et
490 2286 593 2361 Iacob,
626 2305 687 2346 non
722 2293 838 2345 tantum
867 2284 1060 2365 sacerdoteS,
1093 2286 1147 2347 sed
1176 2296 1208 2348 et

283 2370 395 2431 Christi
418 2376 450 2429 et
470 2370 638 2450 prophetae
659 2370 717 2429 Dei
740 2368 896 2449 appellati.
1146 2370 1155 2385 ‘

308 2455 375 2517 139.
405 2452 615 2533 Logomachia
647 2454 739 2533 igitur
781 2460 813 2512 ct
850 2452 980 2532 prolana
1017 2453 1207 2533 Papistarum

284 2535 481 2615 cenophouia
503 2544 567 2613 est,
590 2536 744 2616 digamum
768 2534 938 2615 depravato
961 2536 1113 2597 vocabulo
1139 2537 1209 2617 diei,

286 2621 338 2698 qui
360 2620 449 2678 unius
471 2619 636 2697 secundae,
659 2626 712 2679 aut
734 2618 864 2697 viduae,
888 2625 942 2679 aut
964 2626 1126 2701 corruptae
1150 2640 1209 2681 ma-

284 2702 361 2762 ritus
382 2701 524 2783 fuerit2).

285 2901 512 2981 sequentes
538 2900 843 2982 Propositionss
877 2900 921 2960 de
951 2901 1123 2961 ecclesia
1152 2921 1210 2959 su·

285 2985 423 3061 stinet,
461 2985 622 3045 favente
653 2984 829 3061 Christo,
858 2984 894 3045 D.
924 2984 1114 3043 Martinus
1142 2983 1210 3042 ad·

285 3087 424 3129 versus
445 3075 572 3128 totam
596 3067 844 3149 synagogam
866 3066 1038 3127 Satanae
1072 3073 1108 3125 et
1130 3063 1211 3125 uni·

486 3170 622 3211 versas
644 3157 781 3232 portas
800 3150 1023 3211 inferorum.

541 3285 633 3346 Anno
654 3286 695 3349 u.
716 3286 754 3347 o.
775 3282 904 3367 xxm)
934 3287 959 3365 ).
985 3342 988 3352 ,

330 3442 359 3501 1.
388 3434 530 3497 Ecclesia
552 3438 609 3498 Dei
632 3457 694 3499 uon
723 3438 818 3500 habet
846 3443 1029 3518 potestatem
1059 3432 1213 3495 condendi

287 3521 383 3582 ullum
407 3520 566 3580 articulum
588 3520 670 3596 fidei,
693 3523 773 3583 sicut
794 3541 853 3581 nec
875 3520 970 3579 ullum
994 3537 1125 3597 unquam
1140 3536 1212 3577 oon-

286 3604 375 3679 didit,
394 3622 453 3663 uec
475 3603 589 3663 caudet
609 3605 640 3662 in
663 3608 857 3683 perpetuum.

361 3809 395 3876 1)
416 3807 448 3861 Iu
467 3808 510 3862 ed.
534 3808 616 3863 1538:
642 3810 799 3876 punientur.
872 3808 905 3869 2>
926 3807 957 3859 In
976 3805 1018 3859 sd.
1041 3801 1214 3858 13589191.

287 3883 362 3936 lem:
384 3889 437 3934 est.
499 3882 528 3940 31
549 3882 579 3931 ln
600 3879 665 3933 edit.
685 3883 783 3949 origin.
805 3879 894 3935 deest:
917 3881 999 3934 Auno
1017 3874 1155 3929 MDXXX.

364 3954 397 4019 0)
418 3953 450 4005 ln
468 3954 512 4007 ed.
531 3953 602 4008 1538
619 3954 763 4019 inscriptio
782 3952 850 4005 haec
869 3957 922 4004 est:
943 3953 1095 4017 sequentes
1114 3961 1214 4014 propo·

291 4027 410 4080 sitiones
429 4027 547 4079 sustinet
565 4027 675 4082 favente
695 4024 806 4079 Christo
826 4023 859 4077 D.
872 4021 1004 4077 Martinus
1024 4019 1155 4075 adversus
1174 4021 1215 4073 to·
