3159 4792
355 500 419 569 414
664 504 825 575 Diaputatio
844 505 876 563 D.
895 505 928 559 Ι.
948 504 976 564 L

357 691 469 753 minem
509 710 580 755 eree
619 691 732 755 animal
773 692 942 771 rationale,
979 694 1176 774 renatorum,
1197 712 1280 783 leor-

355 792 494 853 poreum.

438 858 467 920 2.
489 856 598 938 Neque
621 856 778 937 disputare
800 878 883 923 nuno
903 877 1034 928 nouenae
1056 867 1119 938 eet,
1144 879 1185 922 an
1207 878 1280 941 pro<-

354 940 421 1021 prie
443 940 492 1000 vel
513 942 681 1021 improprie
701 940 796 1005 homo
818 949 946 1010 ruamur
967 944 1091 1005 animal.

438 1026 467 1087 3.
490 1022 551 1084 Sed
573 1023 633 1083 hoo
654 1023 813 1084 noiendnm
836 1033 900 1104 eet,
931 1026 1015 1105 quod
1036 1027 1115 1087 haee
1135 1025 1277 1086 delinitio

354 1110 417 1165 tum
431 1106 460 1177 1)
486 1106 648 1167 mortalem
670 1112 702 1166 et
722 1107 812 1167 huius
835 1109 918 1169 vitae
939 1110 1094 1170 hominem
1118 1108 1236 1171 definit.

436 1190 465 1251 4.
489 1188 530 1249 Et
555 1208 632 1251 sane
667 1208 771 1252 verum
806 1198 871 1267 eet,
908 1192 992 1271 quod
1025 1193 1104 1257 ratio
1137 1193 1277 1254 omnium

353 1290 452 1331 rernm
476 1291 524 1332 ree
553 1278 585 1332 et
612 1280 721 1353 eaput,
755 1280 786 1333 et
818 1294 894 1354 prae
913 1276 1025 1338 oeten-in
1058 1274 1150 1335 rebus
1185 1275 1276 1335 huius

356 1355 438 1415 vitae
462 1356 611 1435 optimum
634 1362 666 1415 et
688 1354 824 1415 divinum
848 1356 992 1437 quiddam
1015 1359 1062 1420 sit.

437 1442 466 1502 5.
491 1438 578 1513 Quae
602 1444 648 1499 eet
669 1440 824 1506 inuentrix
853 1448 888 1501 et
914 1442 1115 1521 gubernatrix
1137 1442 1275 1502 omnium

354 1522 474 1600 artium,
497 1522 732 1599 medicinarum,
765 1524 895 1602 iurinrn,
918 1531 951 1585 et
977 1523 1124 1605 quidquid
1155 1526 1187 1586 in
1217 1522 1277 1584 hae

355 1606 418 1665 vita
439 1606 619 1685 sapientiae,
642 1606 811 1685 potentiae,
829 1607 948 1667 virtutis
972 1616 1004 1669 et
1018 1608 1139 1688 gloriae
1159 1606 1199 1670 ab
1220 1606 1277 1666 ho-

355 1687 485 1747 minibus
507 1686 692 1769 possidetur.

437 1772 465 1833 6.
488 1770 530 1832 Ut
551 1771 623 1831 hino
645 1770 754 1831 merito
769 1772 838 1851 ipra
853 1774 959 1833 voeari
975 1772 1089 1833 debeat
1102 1770 1277 1833 differentia

311 1851 315 1857 ’
354 1853 537 1933 essentialia,
559 1873 620 1934 qua
640 1855 844 1915 oonetituatnr
866 1856 961 1915 homo
995 1854 1116 1916 differre
1146 1855 1186 1915 ab
1212 1857 1275 1915 ani-

354 1936 486 1999 malibus
508 1944 539 1997 et
560 1937 651 1997 rebus
673 1937 751 2000 aliie.

435 2024 465 2084 7.
481 2018 588 2096 ‘Quam
611 2027 643 2080 et
664 2019 820 2101 Scriptura
853 2029 962 2082 sanata
988 2021 1275 2083 conseminantem
1304 1990 1308 1996 ἱ

353 2101 508 2163 dominam
522 2122 614 2184 super
631 2110 753 2181 terram,
776 2104 930 2183 volueres,
951 2106 1063 2185 pisces,
1084 2124 1209 2185 peoora,
1233 2103 1277 2164 di·

354 2204 446 2248 oens:
465 2186 673 2249 Dominamini
697 2192 752 2247 eto.

437 2271 466 2334 8.
488 2269 639 2350 Rudent,
672 2276 705 2329 ut
728 2271 767 2330 sit
787 2269 835 2330 sol
858 2272 890 2330 et
917 2288 1030 2329 numen
1054 2269 1211 2349 quoddam
1234 2269 1274 2330 ad

354 2354 409 2413 hae
430 2373 480 2414 ree
502 2352 811 2415 administrandaoin
829 2352 892 2413 hae
912 2354 979 2414 vita
999 2354 1143 2432 positum.

437 2440 467 2501 9.
491 2436 555 2497 Neo
591 2456 659 2497 eam
696 2438 888 2501 maiestatem
926 2437 1009 2498 [leue
1045 2444 1118 2516 post
1152 2437 1274 2517 lapsum

354 2519 442 2580 Adae
464 2517 580 2580 ademit
600 2520 722 2597 rationi,
744 2519 800 2580 sed
821 2522 924 2599 potius
946 2518 1149 2583 confirmavit.

418 2606 465 2667 10.
487 2602 604 2661 Tamen
626 2602 720 2663 talem
743 2622 813 2665 oeae
834 2604 1026 2665 maiestatem
1048 2622 1135 2681 ease,
1157 2620 1276 2663 necea

356 2685 423 2765 ipsa
444 2685 523 2745 ratio
546 2684 632 2745 novit
654 2686 810 2766 aprione,
833 2684 888 2748 sed
911 2691 1026 2745 tantum
1050 2706 1070 2747 a
1092 2686 1275 2767 posteriore.
1344 2756 1348 2760 ‚

420 2771 468 2831 11.
491 2767 565 2828 Ideo
597 2769 622 2827 si
656 2777 853 2849 eomparatur
880 2768 1078 2849 philosophie
1109 2789 1164 2829 seu
1195 2771 1274 2829 ratio

354 2853 423 2932 ipsa
446 2850 485 2911 ad
508 2851 707 2932 theologiam,
728 2852 892 2933 apparebit
909 2871 970 2914 noa
993 2852 1171 2913 dehomine
1193 2871 1275 2932 pene

356 2935 431 2995 nihil
454 2936 540 2996 seire.
1187 2992 1191 2998 ,

419 3020 466 3081 12.
489 3018 530 3078 Ut
551 3020 602 3097 qui
615 3020 666 3079 vix
686 3018 873 3079 materialem
892 3018 957 3078 eius
971 3037 1094 3078 eausam
1114 3018 1277 3079 videamur

354 3104 429 3163 satie
450 3100 564 3161 videre.

417 3186 466 3247 13.
488 3184 566 3245 Nam
579 3184 777 3266 philosophia
787 3182 973 3246 efficientem
987 3191 1070 3245 uerte
1090 3202 1153 3244 non
1175 3185 1275 3265 novit,

356 3266 494 3327 similiter
516 3286 575 3327 nee
595 3267 728 3331 finalem.

419 3352 466 3413 14.
489 3349 569 3424 Quia
590 3350 713 3413 finalem
736 3350 851 3410 nullam
874 3351 962 3431 ponit
979 3348 1083 3428 aliam,
1105 3368 1200 3430 qnam
1223 3369 1276 3429 pa-

355 3453 423 3495 oem
444 3433 534 3494 huius
562 3435 660 3513 vitae,
693 3442 724 3494 et
756 3432 940 3494 affleientem
972 3434 1070 3493 neooit
1099 3451 1170 3493 esee
1192 3451 1276 3493 orea-

355 3524 453 3579 torem
475 3517 584 3581 Deum.
629 3522 631 3525 ’
838 3527 846 3535 “

417 3600 466 3664 tn.
488 3600 536 3661 De
552 3600 672 3663 formali
685 3618 757 3663 vero
774 3619 878 3677 eausa,
900 3618 990 3677 quam
1004 3606 1118 3660 voeant
1129 3599 1275 3677 animam,

355 3702 509 3761 nunquam
534 3686 694 3761 eonvenit,
716 3702 872 3762 nunquam
894 3682 1059 3744 conveniet
1077 3683 1157 3743 inter
1178 3681 1275 3761 philo·

355 3765 482 3845 eophoe.
933 3769 937 3773 ’

425 4047 457 4116 1)
477 4048 509 4105 In
525 4048 570 4109 ed.
589 4048 664 4103 Jeme
683 4052 803 4109 tollium·
