3159 4792
417 536 478 603 164
752 537 909 594 Confitendi
927 541 998 593 ratio

416 724 463 786 cie
484 726 549 786 irae
570 724 759 807 peccaverit,
782 742 822 785 an
845 722 927 801 odio,
949 742 989 785 an
1005 722 1198 784 detractione
1220 727 1252 782 et
1274 741 1338 782 ma

415 808 590 883 ledictione,
612 828 652 868 an
675 826 769 888 opere
789 808 868 887 ipso.
912 806 1014 869 sicin
1036 807 1162 883 ceteris,
1184 806 1265 865 sicut
1286 806 1338 865 de·
1402 849 1403 854 η

416 890 479 951 dita
508 910 603 971 opera
634 897 761 952 conatus
795 911 862 950 snm
895 892 927 949 in
955 890 1169 970 praeceptoria
1198 908 1269 949 meo
1307 897 1339 947 et

415 974 569 1034 schedulis
594 974 813 1055 decalogorum
835 980 1015 1035 monstrare.

497 1091 612 1153 Contra
632 1091 710 1153 haec
732 1091 806 1151 nihil
830 1102 964 1170 moveat,
986 1091 1069 1171 quod
1090 1092 1121 1151 in
1134 1089 1275 1149 Decretis
1297 1089 1337 1149 de

415 1193 486 1254 poe.
509 1182 541 1236 et
562 1182 670 1254 quarto
684 1174 909 1236 Sententiarum
926 1174 1015 1235 aliter
1035 1179 1181 1234 tractetur
1201 1174 1260 1234 ista
1274 1192 1336 1232 ma-

415 1258 501 1319 teria.
545 1259 640 1320 Plena
662 1264 733 1319 aunt
755 1260 858 1321 omnia
880 1258 1020 1319 humanis
1044 1257 1237 1319 commentis.
1270 1256 1337 1316 Nee

417 1342 542 1421 mirum,
572 1341 695 1421 qnando
729 1349 923 1421 sumpserunt
945 1361 1000 1401 sua
1030 1342 1134 1402 omnia
1166 1360 1205 1401 ex
1227 1338 1337 1400 libello

421 1424 555 1503 quodam
568 1422 747 1505 apocrypho
772 1431 804 1485 et
824 1424 961 1502 indocto,
984 1426 1035 1505 qui
1060 1424 1184 1485 devera
1205 1429 1237 1485 et
1258 1421 1339 1482 falsa

416 1508 661 1587 poenitentiali.
684 1508 859 1587 Augustino
888 1509 1067 1588 inscriptus,
1100 1506 1212 1587 ubique
1245 1506 1336 1567 titulo

415 1593 543 1653 mentito
565 1591 743 1654 celebratur.

804 1808 943 1870 Decimo.

495 1994 529 2056 ln
577 1995 718 2056 facienda
745 1994 941 2056 confessione
979 1993 1142 2075 diligenter
1180 1992 1338 2056 observari

400 2084 556 2159 ¹oportet,
589 2084 622 2138 ut
644 2078 739 2139 multo
763 2078 938 2139 discrimine
960 2077 1170 2139 discernantur
1197 2087 1337 2158 peccata,

414 2181 493 2241 quae
515 2168 622 2223 contra
644 2161 914 2241 divinamandota,
937 2170 968 2222 et
980 2180 1059 2241 quae
1070 2169 1178 2223 contra
1203 2161 1339 2225 hnmana

415 2251 529 2305 statuta
551 2246 715 2305 commissa
746 2251 826 2305 sunt.
867 2244 935 2306 Hoc
969 2245 1055 2323 dico,
1088 2245 1159 2324 qnia
1179 2244 1275 2306 hodie
1296 2248 1338 2305 in·
1402 2243 1403 2324 ᾖ

414 2328 509 2389 valuit
529 2329 664 2409 insania,
700 2336 748 2408 ut,
783 2348 862 2409 quae
885 2337 992 2389 contro
1012 2326 1136 2390 decreta
1157 2328 1338 2409 pontificum

416 2418 593 2493 peccentur,
615 2414 692 2472 mira
704 2431 776 2472 cura
788 2412 999 2491 observentur,
1022 2430 1101 2490 quoe
1119 2419 1227 2473 contra
1239 2412 1338 2473 Deum

415 2514 508 2573 vero,
531 2495 580 2555 vel
607 2515 702 2574 parva
737 2496 786 2555 vel
818 2496 912 2557 nulla.
954 2495 1114 2575 Exemplis
1144 2494 1198 2556 tibi
1230 2504 1337 2556 notum

416 2578 534 2643 faciam.
576 2577 719 2639 Invenias
732 2578 909 2639 sacerdotes
929 2585 960 2639 et
977 2578 1150 2659 religiosos,
1172 2580 1234 2658 qni,
1257 2580 1283 2638 si
1308 2580 1338 2638 in

415 2677 538 2735 canone
559 2662 671 2721 missae
703 2662 753 2721 vel
775 2662 926 2742 syllabam
950 2661 1082 2723 titubent
1112 2668 1164 2722 aut
1185 2669 1337 2741 repetant,

414 2744 519 2804 nescio
543 2742 626 2822 quod
647 2744 732 2804 velut
753 2752 921 2806 monstrum
944 2745 1173 2824 exhorrescant,
1197 2764 1268 2805 cunr
1290 2746 1341 2805 hic

414 2827 464 2888 vel
486 2826 632 2889 naturalis
655 2828 779 2909 linguae
802 2828 956 2908 delectus,
985 2828 1037 2895 ,vel
1071 2848 1160 2889 casus
1186 2830 1337 2909 quispiam

415 2910 531 2972 nullum
552 2920 713 2991 peceatum
734 2912 850 2973 fecerit.

496 3029 590 3092 Porro
612 3028 713 3091 nullus
736 3035 799 3108 est,
821 3031 893 3109 quin
915 3028 1098 3091 confiteatur
1118 3048 1190 3091 sese
1210 3030 1337 3091 distrsm

415 3118 478 3173 tum
501 3112 607 3192 luisse,
630 3132 685 3173 sua
706 3114 937 3193 praeparatoria
957 3132 1021 3173 non
1043 3113 1165 3193 legisse,
1187 3123 1239 3174 aut
1261 3114 1338 3174 alias

416 3195 600 3255 anilissimas
620 3214 728 3277 nugas.
770 3196 841 3258 nuit
861 3215 955 3275 unns,
977 3198 1028 3275 qui
1049 3206 1096 3257 ter
1115 3198 1215 3258 accito
1238 3216 1338 3257 sacer-

417 3277 491 3338 dote
512 3280 542 3337 in
567 3279 653 3339 altari
676 3282 735 3339 iam
760 3280 919 3341 celebrans
942 3277 1153 3356 confiteretur,
1175 3286 1242 3340 utut
1264 3280 1337 3359 quid

416 3360 588 3439 incidisset,
621 3360 753 3442 denique
776 3362 891 3423 diaboli
913 3365 973 3423 ista
993 3361 1110 3424 ludicra
1135 3362 1254 3423 infinita
1276 3362 1338 3424 vidi

416 3442 520 3505 multis
542 3451 627 3505 tenta
648 3446 742 3506 luisse
764 3448 853 3525 seria,
876 3455 909 3506 ut
930 3466 1028 3527 prope
1048 3448 1238 3508 insanierint.
1256 3476 1260 3483 ·

498 3546 540 3605 At
561 3547 659 3625 quiin
684 3546 778 3607 corde
811 3546 914 3607 odium
942 3549 991 3608 vel
1013 3548 1159 3608 invidiam
1182 3548 1337 3607 occultam

415 3628 550 3706 alerent,
581 3636 653 3690 ante
676 3637 707 3690 et
728 3636 801 3710 post
822 3632 945 3691 missam
969 3630 1206 3708 maledicerent,
1236 3632 1338 3691 otiose

373 3758 377 3765 .
413 3711 630 3791 fabularentur,
648 3712 852 3792 detraherent,
865 3713 939 3773 nihil
955 3714 1109 3778 movebat.
1153 3712 1242 3774 Unde
1258 3712 1338 3773 haec

398 3795 621 3875 perversitas?
642 3796 691 3856 Ex
713 3797 927 3859 traditionibus
945 3798 1102 3858 hominum
1125 3798 1335 3858 aversantium
1399 3823 1400 3832 ¹

416 3875 468 3960 (ut
488 3879 658 3961 Apostolus
672 3882 732 3959 ait)
749 3882 919 3945 veritatem.
962 3881 1003 3941 Et
1023 3884 1093 3961 quia
1107 3881 1173 3942 Deo
1195 3900 1338 3942 verorum

414 3970 609 4039 peccatorum
638 3963 865 4025 confessionem
893 3965 1086 4046 negleximus
1118 3964 1242 4046 offerre,
1277 3972 1336 4025 tra-

413 4043 489 4104 didit
520 4048 551 4106 in
574 4066 696 4107 sensnm
728 4048 910 4127 reprobum,
946 4057 979 4110 ut
999 4048 1079 4110 fictis
1109 4050 1244 4130 peccatis
1279 4068 1338 4111 nos
