3159 4792
342 1289 410 1383 no
440 1247 669 1383 ronanam
696 1286 868 1382 noenum
885 1283 1067 1381 natur
1081 1287 1264 1383 uuonan

343 1402 542 1524 Epistola
564 1428 695 1522 super
725 1398 1045 1521 expurgatione
1066 1400 1264 1498 Eroiana.

710 1606 896 1614 *—

430 1738 472 1823 n.
493 1768 564 1828 ron.
587 1766 698 1827 saara
721 1784 827 1826 mense
850 1764 977 1826 Octobri
1004 1786 1032 1826 a.
1057 1770 1135 1831 rere
1165 1766 1265 1827 ritea-

341 1872 408 1913 rum
429 1850 627 1912 Universitati
649 1847 888 1930 Ingolstadiensi
911 1848 1047 1909 libellum
1078 1851 1264 1929 composuit,

346 1936 431 1995 euius
460 1933 564 1993 titulus
586 1941 668 1992 eret:
704 1932 742 1991 D.
772 1930 850 1992 leh.
873 1930 983 1991 lleeii
1004 1931 1264 2012 Expurgatio,

343 2036 404 2097 qne
440 2014 587 2076 adversus
621 2014 803 2095 epistolam,
837 2031 897 2092 qua
925 2013 1074 2075 Lutherus
1104 2014 1264 2095 Spoletino

342 2097 625 2160 Resolutiones
656 2115 777 2173 super
800 2096 1153 2176 Propositionibus
1184 2099 1265 2158 suis

342 2182 499 2263 Lipsiae
530 2180 748 2259 disputatis
773 2178 905 2258 tradidit,
927 2179 1038 2241 aeerbe
1059 2181 1212 2242 invehitur
1235 2188 1266 2241 et

344 2285 420 2347 prae
454 2265 564 2324 eeteris
585 2265 761 2344 impugnat,
798 2282 877 2342 quae
899 2262 1048 2323 Lutherus
1080 2264 1110 2323 in
1139 2263 1193 2323 illa
1227 2263 1267 2324 de

344 2368 400 2409 ene
419 2348 504 2408 Eoeii
535 2348 688 2407 sententia
718 2364 810 2425 super
837 2345 996 2407 voluntate
1028 2346 1123 2408 libera
1156 2348 1266 2407 attulit.

344 2432 494 2492 Lutherue
515 2429 629 2490 ultimis
653 2429 765 2499 mensis
781 2426 925 2489 Octobris
949 2428 1086 2489 eiusdem
1109 2430 1181 2491 anui
1204 2430 1266 2491 die·

344 2513 401 2576 bus
423 2514 505 2574 huno
527 2513 612 2572 Eleeii
633 2511 770 2574 libellum
793 2510 950 2593 redarguit
970 2514 1000 2571 in
1024 2513 1166 2593 epistola,
1188 2532 1268 2593 quae

345 2599 493 2677 inscripta
523 2603 583 2655 est:
618 2594 672 2655 Ad
693 2594 899 2655 Iohannem
923 2595 1082 2655 Eeoium
1105 2596 1266 2657 Martini

344 2680 508 2742 Lutheri
531 2678 720 2758 Epistola
746 2696 862 2756 snper
891 2680 1177 2759 expurgatione
1200 2680 1268 2739 Ee·

345 2764 468 2823 ciana.
516 2761 666 2821 Lutherus
700 2761 780 2820 enirn
814 2761 951 2821 ealendis
985 2761 1210 2823 Novembribus
1238 2783 1266 2825 a.

258 2894 260 2898 ,
347 2847 427 2910 1519
450 2843 611 2924 Sp'elatino
633 2844 711 2905 haee
733 2844 854 2904 sorihit:
886 2843 1010 2923 „Edidit
1031 2846 1133 2905 furens
1156 2845 1266 2905 Eoeius

344 2928 597 3010 expurgationem
621 2927 767 2989 adversus
783 2928 956 3006 epistolam
970 2927 1009 2988 ad
1032 2936 1062 2989 te
1084 2928 1196 3008 datam,
1218 2930 1266 2989 eni

344 3013 406 3073 iem
428 3010 574 3092 respondi
609 3031 670 3070 uno
694 3010 891 3071 sexterniene
918 3010 977 3071 hae
999 3011 1193 3073 hebdomade
1215 3011 1262 3072 ab·

344 3094 511 3173 solvendo,
551 3094 623 3155 dato
658 3095 719 3153 iam
758 3095 849 3173 typis.
898 3094 1005 3154 Mirum
1042 3114 1132 3175 quem
1171 3094 1267 3156 homo

345 3180 456 3256 saevit,
477 3176 646 3238 mendaciis
659 3195 782 3255 quoque
804 3176 945 3238 refertus:
968 3184 1042 3255 tum,
1065 3180 1095 3237 in
1118 3196 1179 3257 qne
1194 3168 1266 3238 mihi

346 3262 505 3340 aptissime
533 3267 563 3319 et
590 3267 763 3339 opportune
791 3261 888 3336 venit,
921 3260 1149 3334 simulationem
1179 3280 1265 3322 suam

343 3345 455 3403 retexit
474 3342 661 3422 imprudens,
684 3360 745 3421 que
768 3341 837 3401 eolo
859 3344 1000 3423 nomine,
1023 3345 1133 3406 oeterie
1156 3346 1267 3422 taedis,

345 3445 416 3487 eum
437 3424 644 3506 apprehendi,
667 3431 843 3501 oeaeturus,
872 3432 905 3485 nt
928 3428 1025 3507 magis
1048 3426 1158 3507 prodat
1180 3447 1214 3488 ee
1237 3434 1269 3489 et

344 3510 508 3590 Lipseuses
531 3528 612 3570 euos.
657 3508 772 3569 Mittam
798 3509 957 3589 exemplar
973 3509 1183 3590 propediem.“
1210 3511 1267 3583 (of.

343 3592 430 3653 Luth.
452 3593 530 3673 Epp.
554 3590 710 3653 ed.Aurif.
733 3591 746 3650 l
767 3610 797 3670 p.
812 3592 881 3654 2l6.
904 3592 943 3652 de
964 3592 1070 3654 Wette
1091 3594 1105 3654 1
1127 3613 1156 3674 p.
1175 3592 1264 3677 353.)

345 3676 405 3736 Die
440 3678 571 3756 septime
596 3696 633 3735 m.
657 3674 840 3736 Novembris
862 3696 890 3737 a.
914 3678 993 3741 1519
1029 3678 1108 3737 haee
1134 3678 1268 3756 epistola

258 3838 262 3841 μ
343 3760 404 3819 iam
429 3761 508 3839 typis
537 3766 603 3819 erat
626 3777 756 3835 exeuse,
788 3778 860 3818 nam
890 3778 928 3820 eo
950 3760 1019 3839 ipso
1047 3760 1097 3821 die
1119 3760 1267 3820 Lutherus

344 3841 425 3901 hano
457 3842 674 3922 Epistulam
705 3840 865 3921 Spaletino
900 3843 983 3903 misit
1015 3843 1093 3905 haee
1131 3843 1265 3904 addens:

346 3926 457 4004 „Mitto
480 3928 565 3986 Eeoii
594 3926 744 3985 insaniam
774 3942 843 3984 oum
871 3924 954 3985 brevi
978 3926 1110 4005 epistola
1133 3946 1202 3987 mea
1223 3945 1269 3986 re-

344 4011 525 4089 sponsoria,
558 4008 647 4090 plura
667 4007 809 4087 daturus,
842 4026 910 4069 enm
942 4016 1024 4070 totus
1047 4010 1196 4090 prodierit
1214 4012 1268 4069 im-
