3159 4792
498 526 596 577 conus
613 521 780 577 Antinornos
799 520 835 576 de
853 523 1034 592 putrientis.
1162 512 1227 586 425

303 710 345 771 sit
366 708 457 771 dolor
479 715 511 770 et
531 710 724 791 propositum
745 716 805 772 ete.
827 730 867 773 ex
890 711 1029 774 Patribus
1057 709 1228 773 habuerunt

304 800 336 853 et
358 792 536 857 docuerunt.

369 879 415 939 11.
438 876 498 939 Sed
520 883 623 957 partes
645 876 849 960 definitionis,
871 878 1029 955 dolorem,
1052 882 1224 958 petentum,

303 961 513 1040 propositum,
546 978 610 1020 non
639 960 872 1035 intellexerunt,
904 980 964 1022 nee
984 961 1099 1022 dooere
1119 967 1227 1040 potue

304 1050 386 1104 runt.

368 1128 416 1188 12.
446 1126 604 1209 Dolorem,
622 1126 778 1187 finxerunt
805 1146 874 1187 esse
904 1128 1170 1193 aotnmelioitnnr
1197 1128 1228 1187 ri

305 1207 421 1269 arbitrii
449 1208 552 1288 libori,
587 1210 638 1289 qui
668 1209 873 1273 detestaretur
897 1218 1078 1291 peecatum,
1107 1212 1228 1291 quoties

305 1292 401 1353 vellat
421 1297 474 1352 ant
496 1290 603 1354 nollet.

369 1377 418 1440 13.
448 1374 524 1436 Cum
547 1374 637 1437 dolor
657 1376 683 1435 is
706 1376 745 1436 sit
767 1376 872 1455 passio
894 1393 948 1437 seu
969 1376 1113 1455 afflietio,
1136 1373 1228 1457 quam

306 1459 497 1519 ooneeientie
519 1457 608 1537 velit,
626 1458 720 1537 nolit,
742 1460 808 1538 pati
829 1460 967 1540 cogitur,
989 1460 1060 1541 lege
1082 1466 1230 1540 tangente

308 1560 363 1602 seu
386 1547 558 1621 torquente.

372 1626 419 1687 14.
448 1625 612 1685 Peooaturn
635 1623 790 1685 finxerunt
811 1643 895 1703 esse,
927 1624 1011 1704 quod
1043 1634 1151 1687 eontra
1171 1631 1230 1687 tra·

305 1706 442 1849 ditiopes
463 1707 622 1768 hominnm
644 1713 737 1787 esset,
760 1708 873 1790 rarius,
896 1708 979 1787 quod
1002 1715 1110 1770 eontra
1132 1715 1231 1770 mora-

309 1791 369 1851 iem
404 1808 502 1853 eam.

370 1810 603 1954 ib.g01igina1e
630 1891 705 1935 vero
729 1881 803 1953 post
831 1873 1017 1954 baptismum
1049 1894 1090 1935 ne
1123 1893 1232 1956 peooa·

307 1963 370 2017 tum
395 1956 518 2037 quidem
541 1975 610 2017 esse
632 1957 856 2038 cogitaverunt,
879 1958 1060 2037 praesertim
1081 1958 1113 2018 in
1133 1958 1231 2039 prima

308 2039 422 2101 tabula.

371 2125 419 2186 16.
443 2122 558 2184 Contra
579 2123 635 2182 has
658 2122 764 2202 paleas
786 2122 854 2201 lex,
876 2123 1006 2184 malleus
1028 2124 1087 2185 Dei
1110 2121 1164 2206 (ut
1184 2123 1233 2185 la·

307 2208 420 2267 remiss
442 2208 501 2285 ait)
528 2212 692 2266 conterens
715 2212 834 2286 petras,
862 2224 971 2267 omnes
1002 2206 1143 2267 homines
1174 2206 1232 2268 sub

308 2300 438 2373 peeoato
462 2287 627 2351 ooneludit.

371 2377 419 2436 17,
443 2372 637 2452 Propositum
661 2370 775 2432 bonurn
800 2371 951 2451 putabant
970 2389 1041 2433 esse
1063 2372 1230 2452 ‹rogitatio-
1303 2424 1308 2431 .

308 2474 379 2517 nem
403 2454 573 2516 eleetioiem
597 2453 710 2515 viribus
732 2454 874 2515 humenis
897 2455 936 2515 de
957 2462 1088 2535 peceato
1109 2457 1141 2515 in
1154 2456 1231 2516 futu·

307 2559 374 2599 rum
399 2537 533 2601 vitando.

372 2623 420 2686 18.
443 2621 519 2682 Cum
543 2620 709 2682 seeundum
732 2621 927 2701 evangelium
950 2622 991 2681 sit
1010 2622 1144 2702 impetus
1166 2620 1232 2702 spi·

305 2706 381 2766 ritus
404 2706 512 2782 saneti,
534 2712 694 2784 peooatum
717 2703 865 2783 deinceps
887 2724 928 2765 ex
946 2724 1053 2765 amore
1063 2704 1233 2784 detestans,

307 2787 478 2849 rebellante
502 2788 574 2847 lieet
594 2788 715 2848 interim
725 2784 756 2867 1)
780 2785 901 2846 fortiter
921 2795 1050 2866 peeoato
1073 2789 1107 2847 in
1128 2807 1231 2849 earne.
1261 2809 1269 2819 ’

317 2922 322 2931 ,
373 2874 421 2933 19.
447 2870 513 2931 Neo
545 2869 683 2931 miranda
705 2869 782 2929 iraeo
804 2886 910 2929 eorum
931 2870 1123 2949 ignorantia,
1161 2889 1231 2930 eum

308 2954 467 3034 Scriptura
490 2952 666 3032 posthabita
695 2970 754 3011 neo
775 2952 847 3030 quid
871 2951 938 3028 lex,
962 2970 1021 3011 neo
1042 2952 1116 3031 quid
1139 2971 1232 3012 evan·

307 3037 422 3118 gelium
448 3044 529 3096 esset
551 3054 645 3097 nosse
667 3034 832 3115 potuerint.

369 3122 419 3183 20.
446 3118 571 3181 Seilioet
600 3119 757 3179 hominum
795 3118 969 3197 praeseptis
1003 3122 1035 3177 et
1077 3115 1231 3178 mandatis
1315 3114 1325 3127 ⁸

309 3220 434 3282 prorsus
455 3202 608 3280 immersi,
638 3209 670 3261 ut
691 3200 730 3260 de
752 3199 842 3261 rebus
864 3202 961 3262 saeris
982 3208 1013 3261 et
1034 3199 1145 3260 divinis
1168 3207 1233 3261 tan·

309 3294 372 3346 tum
396 3304 451 3366 per
472 3286 593 3345 somnia
613 3284 793 3345 iudicarent.

372 3370 421 3432 21.
450 3368 566 3428 Contra
593 3368 650 3428 hos
683 3367 807 3427 inutiles
835 3373 866 3427 et
886 3366 1112 3447 desperationis
1135 3366 1229 3445 magi-

308 3460 388 3512 stros
421 3449 616 3530 evangelium
640 3451 743 3530 eoepit
765 3449 895 3526 dooere,
924 3450 1145 3531 poenitentiam
1167 3467 1250 3516 non,

309 3540 455 3615 oportere
477 3540 594 3595 tantum
617 3533 864 3613 desperationem
887 3552 965 3599 esse.

371 3620 421 3681 22.
452 3616 514 3677 Sed
535 3619 730 3697 poenitentes
754 3616 866 3677 debera
888 3636 975 3696 spem
999 3615 1178 3693 oonoipere,
1200 3620 1234 3675 et

309 3702 355 3761 sie
388 3720 428 3761 ex
449 3718 556 3761 amore
577 3699 636 3761 Dei
657 3704 819 3779 peecatum
852 3699 974 3777 odisse,
1005 3697 1036 3759 id
1070 3696 1154 3777 quod
1185 3703 1233 3761 est

310 3803 383 3845 vere
405 3784 598 3864 propositum
619 3782 745 3845 bonum.

497 3936 706 3957 ...Ὗ-...-

383 4026 409 4095 t)
428 4024 461 4079 ln
480 4024 523 4081 ed.
542 4022 613 4081 1558
631 4024 685 4078 hoo
703 4025 768 4077 ioco
787 4028 815 4074 et
833 4021 900 4077 aiibi
915 4021 1032 4092 legitur
1049 4023 1163 4077 interea.
