3159 4792
357 551 423 619 310
641 546 711 601 Aeta
730 542 818 599 sad.
836 540 1019 597 lovaniensis

360 736 583 819 superstitione
612 739 645 794 et
680 728 833 815 pestiferis
863 726 1023 789 hominum
1051 718 1286 783 traditiunoulis.

358 824 467 902 ltaque
487 822 653 881 instruetus
676 814 771 877 literis
789 810 957 894 pontifiuiis
978 823 1075 887 nuper
1096 805 1193 882 venit,
1216 822 1284 883 per-

359 907 477 969 diturus
500 907 667 981 (quantum
688 900 810 981 potest)
835 895 953 975 optima
974 908 1126 971 quaeque.
1153 886 1244 948 Vale.

492 1002 527 1064 ld
548 1020 605 1063 vos
628 998 776 1062 nandidos
800 996 945 1057 Lectores
968 992 1046 1053 seire
1061 988 1156 1051 volui.

412 1140 510 1201 Asta
531 1136 775 1199 Academiae
797 1128 1064 1192 Lovaniensis
1085 1130 1235 1187 eontra

712 1215 930 1278 Lutherum.

728 1332 770 1395 ll.
790 1332 830 1395 D.
852 1331 918 1391 XX.
1024 1340 1026 1347 ’

444 1454 536 1517 Nune
557 1453 692 1513 maxime
721 1451 820 1511 fervet
841 1446 1022 1509 stolidorum
1046 1465 1083 1511 ao
1103 1449 1289 1510 furiosorum

368 1540 518 1622 tyrannis,
541 1532 838 1598 AleanderLovanii
859 1551 915 1613 per
935 1528 1110 1595 oarnilioem
1132 1531 1290 1613 publicum

365 1643 403 1686 ao
427 1628 637 1704 promotorem
667 1616 761 1678 libros
794 1616 915 1693 aliquos
937 1620 1055 1679 exussit
1076 1619 1106 1678 in
1128 1617 1214 1693 foro,
1236 1632 1290 1675 eo-

362 1706 433 1767 dem
448 1705 508 1784 die,
531 1722 592 1782 quo
602 1702 670 1762 Rex
682 1700 825 1761 discessit
839 1698 987 1774 Lovanio,
1011 1708 1045 1762 ut
1056 1701 1158 1762 dicere
1172 1700 1290 1781 possim

363 1791 450 1871 Rege
472 1793 635 1867 praesente
653 1785 777 1845 fautum.
800 1782 970 1843 Tentamnt
995 1784 1077 1845 idem
1090 1783 1291 1862 Antvsrpiae,
1401 1808 1402 1849 3

365 1871 419 1934 sed
442 1868 561 1931 frustra.
604 1866 806 1927 Hoohstratus
834 1864 991 1929 restitutus
1026 1874 1074 1929 est
1099 1869 1131 1927 in
1155 1865 1291 1927 offioium

364 1952 570 2033 Inquisitoris,
593 1957 624 2010 et
645 1950 712 2010 dira
733 1951 868 2010 minatur
891 1951 1043 2028 omnibus,
1066 1952 1116 2031 qui
1137 1949 1222 2011 illam
1235 1949 1292 2009 Be·

366 2039 455 2098 stiam
477 2054 540 2095 non
562 2033 728 2095 adorarint.
771 2032 888 2111 Dorpio
902 2034 1006 2112 palam
1024 2031 1293 2095 minantur'lheo·

365 2119 431 2201 logi
459 2117 686 2194 lovanienses,
726 2134 760 2175 se
788 2116 941 2177 eieotnros
962 2117 1048 2178 illum
1083 2116 1294 2197 eSyuagoga

364 2200 612 2283 Theologorum,
635 2199 667 2258 ni
688 2203 826 2259 recantet
848 2199 1036 2277 orationem,
1076 2220 1168 2279 quam
1198 2197 1296 2259 edidit

366 2304 473 2366 nuper,
496 2284 528 2344 in
550 2302 611 2362 qua
631 2280 769 2343 laudavit
782 2281 954 2361 linguarum
976 2285 1125 2364 peritiam.

452 2366 515 2428 Res
537 2372 608 2428 uota
630 2372 677 2425 est
699 2384 737 2426 ea
757 2365 894 2443 ratione,
928 2386 988 2447 qua
1010 2366 1163 2446 Theologi
1192 2363 1296 2426 solent

371 2452 485 2513 omnis.
530 2450 713 2510 Convocata
748 2455 797 2509 est
817 2445 1009 2512 Universitas
1039 2450 1096 2513 sub
1118 2449 1295 2510 iuramento

372 2536 403 2594 in
427 2532 520 2594 aedes
543 2532 707 2608 Reotoris,
739 2549 819 2609 quae
841 2551 900 2593 neo
921 2552 1033 2613 sapere
1053 2536 1201 2614 poterant
1222 2531 1297 2593 Uni·
1403 2540 1404 2593 ξ

366 2617 558 2691 versitatem,
579 2614 706 2693 languet
727 2614 809 2674 enim
821 2612 936 2678 Reotor
952 2616 1223 2691 Rosemundanus,
1246 2614 1298 2693 qui
1403 2620 1404 2633 ²

365 2717 447 2759 nuno
482 2697 619 2757 declarat
640 2696 738 2775 qualis
770 2703 844 2757 ante
864 2698 963 2763 luerit.
1007 2699 1083 2761 Gurn
1114 2702 1199 2759 esset
1225 2716 1298 2757 oon·

363 2787 497 2863 gregata
518 2779 727 2858 Universitas,
749 2787 782 2839 ut
805 2780 960 2860 audirent,
984 2802 1064 2862 quae
1085 2786 1300 2863 proponerent

368 2864 471 2926 nunoii
489 2862 675 2943 Apostolioi,
696 2883 758 2924 non
773 2870 1022 2944 comparuerunt,
1043 2866 1102 2926 nisi
1125 2864 1186 2925 duo
1210 2864 1298 2923 mini·

368 2948 422 3008 stri
439 2946 601 3027 barbatuli,
623 2945 755 3025 fututuli,
778 2952 809 3007 et
831 2947 1109 3011 exhibentBullam
1130 2947 1217 3009 illam
1240 2952 1298 3007 ter·

367 3030 483 3091 rifioam
506 3030 634 3091 Lovanii
654 3035 770 3106 natam,
790 3050 853 3092 una
874 3050 943 3094 oum
957 3032 1136 3111 exemplari,
1161 3036 1202 3105 et,
1226 3048 1298 3091 aon·

366 3115 453 3193 ferte,
474 3113 624 3193 inquiunt.
649 3112 737 3173 Bulla
752 3112 834 3175 leota
856 3120 913 3195 est,
935 3114 977 3179 ibi
992 3114 1156 3177 sedebatur
1178 3112 1299 3174 duabus

369 3196 469 3274 horis,
505 3195 580 3256 nihil
601 3194 684 3257 aliud
707 3194 846 3259 definivit
867 3198 1078 3277 Universitas,
1113 3214 1204 3277 quam
1229 3195 1299 3257 Bul·

369 3280 428 3340 lam
450 3278 557 3340 haberi
578 3298 634 3358 pro
656 3279 746 3341 leeta.

450 3360 603 3422 Postridie
614 3360 767 3442 Theologi
790 3382 846 3443 per
869 3363 1102 3443 deputatiouem
1119 3381 1208 3423 suam
1231 3379 1300 3441 pro·

369 3445 500 3522 aedunt,
531 3443 659 3524 perinde
680 3446 767 3524 quasi
789 3452 856 3507 tota
877 3466 927 3507 res
951 3453 1035 3508 esset
1056 3452 1126 3507 sota
1149 3464 1205 3525 per
1226 3443 1300 3505 Uni·

368 3530 555 3605 versitutem,
578 3547 648 3589 oum
670 3528 897 3599 neoAleander
918 3528 1062 3591 doousrit
1083 3529 1121 3589 de
1145 3545 1297 3590 suaoom·

370 3613 526 3690 missione,
549 3630 608 3672 neo
630 3611 721 3673 Bulla
743 3612 783 3673 sit
804 3613 982 3675 examinate
1004 3611 1044 3675 ab
1067 3614 1123 3689 iis,
1146 3630 1166 3671 a
1189 3610 1301 3690 quibus

369 3696 523 3775 oportuit,
547 3714 606 3754 neo
628 3694 800 3775 approbata
821 3715 877 3776 per
899 3710 1023 3768 omnes,
1047 3697 1128 3755 siout
1150 3694 1301 3774 oportuit,

368 3778 400 3837 in
429 3797 462 3838 re
490 3783 575 3837 tanta
604 3777 671 3839 libri
694 3778 813 3858 aliquot
846 3784 917 3841 sunt
947 3780 1048 3841 exusti
1070 3780 1100 3839 in
1122 3776 1212 3856 foro,
1246 3774 1302 3837 sed

264 3852 271 3875 ‘
369 3859 536 3921 ridentibus
559 3860 710 3924 omnibus.

451 3940 672 4005 Edmundanus
699 3944 730 4004 in
753 3944 803 4005 die
825 3944 967 4025 Dionysii
1000 3943 1172 4005 orationem
1195 3940 1305 4007 habuit

370 4024 453 4104 apud
476 4027 624 4106 populum
648 4028 718 4110 ipso
741 4026 877 4110 dignam,
900 4027 962 4089 hoo
984 4034 1042 4107 est,
1065 4026 1190 4088 stultam
1213 4030 1247 4087 et
1261 4025 1304 4089 lu·
