3159 4792
498 564 550 617 pro
571 548 770 604 Laborantibus
787 557 817 603 et
833 546 971 605 Onereur.
1139 542 1202 613 125

279 734 376 817 peri)
401 746 599 817 peeeetorurn
622 737 813 818 exemplum,
844 747 898 799 sut
927 738 1019 798 furies
1050 756 1106 817 per
1127 754 1201 817 poe

279 838 387 880 nurum
410 829 593 881 tormentum
616 822 780 881 intentans.
831 821 915 881 Heee
949 830 997 881 est
1027 821 1108 880 enim
1133 818 1201 879 Chi-

278 922 385 963 msero
407 911 593 983 monstrum,
625 907 711 964 ouius
734 914 829 984 eaput
863 905 1033 985 virgineum
1061 912 1093 964 et
1119 902 1202 963 blen-

278 985 361 1066 dum,
385 995 491 1050 venter
512 988 654 1049 leoninus
677 998 708 1047 et
730 989 933 1066 truouieutus,
956 986 1055 1047 eunde
1077 1004 1201 1066 serpen·

182 1090 185 1102 ’
277 1069 342 1129 tine
365 1078 398 1130 et
418 1072 589 1133 mortifere:
626 1071 697 1150 quie
724 1069 794 1131 finis
822 1070 927 1131 mundi
949 1079 1011 1131 tom
1033 1070 1200 1150 voluptatis

277 1170 370 1231 quem
394 1153 565 1233 tyrannidis
587 1172 740 1214 venenum
762 1162 795 1214 et
815 1172 898 1215 mors
920 1154 1118 1233 sempiterne.

362 1235 448 1297 Siout
467 1256 542 1317 ergo
572 1238 602 1296 in
635 1238 771 1319 peeootis
803 1238 908 1297 mundi
935 1237 1009 1297 feeit
1039 1255 1097 1297 nos
1118 1237 1201 1296 Deus

278 1318 361 1379 bone
383 1328 489 1381 nostre
509 1318 661 1398 invenire,
694 1322 737 1381 ite
769 1330 802 1379 ut
831 1328 864 1380 et
882 1322 1113 1401 persecutiones
1135 1322 1201 1380 eius

277 1420 341 1463 non
363 1404 426 1462 sint
459 1402 649 1463 frustreneee
676 1415 708 1462 et
741 1404 877 1482 otiosee,
910 1403 1089 1464 ordinantur
1110 1402 1200 1463 nobis

276 1483 315 1544 ed
338 1486 562 1547 incrementum
584 1486 735 1547 bonorum
760 1494 951 1572 nostrorum,
984 1493 1016 1546 ut
1038 1487 1101 1547 hoe
1120 1488 1200 1566 ipso,

276 1586 337 1647 quo
362 1568 452 1629 nobis
474 1580 597 1648 notent,
620 1577 771 1649 eoguntur
792 1570 959 1650 prodesse,
982 1571 1061 1629 sieut
1081 1570 1116 1629 B.
1138 1572 1200 1629 Au-

275 1652 418 1731 gostinus
443 1652 482 1712 de
503 1652 638 1733 parvulis
660 1652 699 1713 ub
721 1652 846 1713 Herode
867 1655 985 1713 necetis
1007 1652 1095 1712 dioit:
1119 1652 1200 1711 Nun·

275 1752 369 1813 quem
392 1737 545 1815 potuisset
566 1744 683 1797 tentum
705 1735 1031 1816 profuisseobsequio‚
1054 1746 1200 1815 quantum

276 1818 393 1897 profuit
415 1819 520 1880 odio·
551 1819 591 1879 Et
611 1820 645 1879 B.
668 1818 793 1899 Agatho
824 1818 1030 1899 gloriabunde
1062 1820 1102 1879 sd
1136 1837 1201 1879 oer-

275 1920 378 1961 ceren}
411 1903 556 1982 tunqueni
590 1903 629 1963 ed
651 1902 758 1983 epulus
791 1902 862 1981 ivit,
894 1920 1025 1962 osusuns
1058 1904 1090 1961 in
1119 1902 1202 1962 hune

277 1984 419 2045 modum:
442 1986 507 2046 Nisi
523 2004 634 2067 eorpus
656 2004 758 2045 meum
770 1985 880 2047 feeeris
902 1984 1125 2047 seumifioibus
1141 1988 1201 2046 tuis

276 2069 356 2128 bene
378 2070 573 2149 oontreoturi,
596 2088 658 2130 non
680 2076 783 2149 potest
804 2070 909 2130 enims
929 2089 998 2130 mee
1012 2089 1082 2129 oum
1097 2070 1203 2149 peluis

276 2152 315 2210 od
338 2149 515 2232 paradisum
527 2154 663 2214 introire.
706 2153 791 2213 Siout
813 2172 953 2233 granum,
972 2155 1001 2212 >si
1023 2169 1086 2213 non
1108 2163 1202 2212 exuts

276 2236 368 2295 tuerit
391 2235 481 2297 theos
502 2237 566 2295 eius
580 2235 632 2313 ²),
665 2246 696 2295 et
716 2238 748 2295 in
772 2255 845 2296 aree
866 2236 985 2296 fortiter
1006 2239 1202 2315 pereutietur,

277 2336 339 2377 uon
363 2320 524 2399 reponitur
544 2320 576 2378 in
598 2318 752 2379 horreum,

361 2400 425 2461 Sed
448 2402 519 2481 quid
540 2401 591 2462 hie
614 2402 735 2462 modios
758 2403 926 2481 loquimur,
961 2420 1030 2462 oum
1062 2404 1092 2461 io
1120 2401 1202 2461 hene

277 2502 341 2543 reru
363 2492 430 2545 tote
442 2484 606 2567 Scriptura,
628 2487 765 2546 omnium
777 2484 901 2546 Petrum
923 2488 1037 2567 seripts
1058 2494 1090 2545 et
1110 2486 1201 2561 diets,

277 2569 417 2627 omnium
439 2568 620 2629 Sanctorum
659 2570 741 2628 isetu
767 2578 800 2629 et
827 2577 916 2649 geste
948 2571 1107 2629 videamus
1128 2586 1200 2628 oon

277 2652 413 2711 sonore?
446 2671 516 2711 esse
543 2671 597 2713 eos
622 2652 801 2713 utilissimos
823 2652 1034 2729 medentibus,
1058 2654 1203 2733 quisunt

277 2736 320 2795 eis
344 2737 574 2814 nooentissirni,
614 2735 707 2796 modo
743 2745 828 2797 reete
856 2735 1006 2816 serentur,
1042 2745 1074 2795 ut
1094 2736 1201 2796 Petrus

279 2822 304 2879 1.
328 2816 398 2879 Pet.
422 2821 457 2882 3:
491 2818 532 2878 Et
559 2820 625 2898 quis
660 2827 707 2879 est
734 2820 786 2899 qui
808 2819 897 2880 vobis
919 2830 1046 2898 notent,
1080 2821 1105 2879 si
1127 2820 1201 2880 boni

278 2900 485 2962 aemulatores
507 2902 638 2979 fueritis3
659 2902 791 2966 restes
806 2902 859 2978 ³):
881 2902 964 2962 Nihil
985 2903 1127 2983 protieiet
1147 2904 1200 2962 ini·

281 2986 375 3043 misus
403 2986 434 3044 in
461 3004 499 3045 eo
528 2994 560 3045 et
580 2984 659 3048 filius
681 2986 850 3065 iniquitatis
884 3004 948 3046 non
968 2995 1119 3065 *opponet
1149 3004 1200 3046 uo-

281 3086 348 3128 oere
371 3070 411 3147 ei,
433 3068 590 3147 quomodo
613 3087 674 3131 nou
692 3078 795 3147 nocet,
816 3087 886 3127 oum
899 3071 1022 3150 saepius
1037 3071 1129 3128 etiem
1152 3086 1203 3128 oe·

281 3150 381 3211 uidet?
412 3153 483 3230 quis
511 3153 629 3213 scilieet
651 3152 794 3214 noeendo
822 3154 955 3212 maxime
976 3153 1114 3233 prodest.
1156 3152 1203 3211 lte

283 3234 418 3295 videmus
441 3236 576 3315 undique
608 3256 666 3297 nos
687 3239 718 3296 in
741 3236 850 3299 mediis
876 3235 967 3298 bonis
988 3236 1143 3318 habitere,
1176 3237 1202 3295 si

282 3318 445 3395 prudentes
467 3340 581 3399 sumus,
603 3322 692 3381 simul
715 3331 819 3382 temen
834 3323 865 3382 in
878 3321 987 3381 mediis
1001 3323 1098 3402 melis,
1121 3327 1201 3388 edeo

283 3403 385 3462 omnio
414 3412 485 3465 sunt
521 3403 598 3467 mire
628 3414 798 3485 temperate
827 3406 950 3469 divinoe
972 3408 1117 3472 bonitatis
1141 3431 1200 3471 rne-

263 3487 417 3563 guterio·

283 3622 405 3705 Caput
428 3627 477 3687 Vl.
499 3626 544 3687 de
565 3635 721 3707 spectro
744 3639 873 3708 sexto,
895 3627 1004 3710 quod
1026 3641 1085 3691 est
1107 3631 1203 3692 dex·

505 3718 613 3788 trum,
636 3730 702 3769 seu
725 3711 769 3773 ad
792 3712 978 3792 dextrum.

365 3828 450 3888 Haeo
482 3835 530 3889 est
561 3828 694 3888 eoelesis
716 3828 917 3910 Sanctorum,
951 3850 1033 3891 nove
1065 3838 1203 3894 ereeture

355 4100 385 4165 1)
406 4100 437 4151 ln
455 4099 570 4154 eddon.
590 4098 682 4151 deest:
701 4114 759 4167 per.
786 4098 819 4165 2)
832 4098 918 4152 Ibin:
935 4113 992 4151 sus.
1012 4096 1045 4165 3)
1056 4095 1138 4152 ibid:
1157 4100 1203 4154 89.
