3159 4792
326 506 330 509 ’
387 538 449 608 146
611 576 614 583 ⁴
662 541 1061 613 summarorium

386 734 462 795 felix
482 732 630 794 subadula
652 732 860 793 criminaberis
889 730 929 792 ob
950 731 1011 791 hoo
1033 729 1219 791 desiderium
1240 730 1309 809 piis·
1396 711 1397 750 ¹

390 819 499 877 simum
522 816 733 876 schismaticos
744 834 807 875 non
821 815 997 892 elisaeum,
1020 815 1079 874 nisi
1101 812 1184 893 quod
1199 812 1311 873 Graeei

388 899 550 959 audientes
573 900 720 959 timentur
745 898 799 961 tibi
819 897 959 960 roborari
988 904 1019 958 et
1040 896 1186 978 gaudere.
1230 895 1310 970 Quid

386 984 518 1059 insanis,
539 982 733 1041 insanissima
754 981 861 1042 larva?

474 1065 554 1126 Vide
576 1082 661 1147 ergo,
684 1084 725 1124 mr
748 1064 854 1142 lector,
878 1083 978 1123 meam
1000 1063 1186 1123 felicitatem.
1230 1060 1310 1121 Hus-

389 1167 490 1227 usque
513 1156 644 1209 vexatus
672 1166 755 1222 sum,
789 1148 861 1226 quia
882 1146 922 1206 de
943 1146 1114 1224 eredendo,
1145 1144 1312 1225 sperando,
1396 1209 1397 1214 η

388 1231 540 1312 amando,
571 1231 744 1310 opinando,
771 1230 898 1290 soiendo
920 1229 1042 1290 loeutus
1064 1247 1146 1305 sum,
1169 1247 1253 1288 nuno
1274 1227 1312 1287 de
1396 1259 1397 1298 3

388 1314 525 1395 optando
549 1321 580 1373 et
601 1312 807 1374 desiderando
832 1331 954 1393 arguor.
977 1312 1084 1393 Agunt
1103 1313 1184 1372 enim
1203 1312 1310 1391 optimi

387 1397 417 1457 hi
441 1399 505 1477 viri,
534 1416 573 1457 ne
595 1397 668 1456 mihi
692 1398 784 1457 lioeat
806 1396 970 1475 quidquam
989 1403 1098 1475 optare
1118 1401 1171 1454 aut
1192 1393 1311 1454 deside-

386 1500 472 1559 rare,
507 1480 586 1540 forte
607 1481 706 1559 parati
727 1479 865 1539 inhibere
889 1479 961 1538 mibi
984 1480 1157 1539 orationem
1180 1477 1310 1538 domini·
1396 1507 1397 1524 κ

388 1582 455 1623 eam
480 1569 510 1623 et
533 1564 636 1623 omnia
658 1569 747 1639 vota,
776 1581 816 1622 ne
837 1580 894 1642 pro
918 1563 961 1621 sis
983 1563 1058 1641 ipsis
1081 1579 1205 1640 quoque
1227 1559 1311 1639 quid-

389 1663 481 1727 quam
514 1655 618 1726 optem
655 1646 729 1707 boni
763 1653 816 1705 aut
848 1645 930 1705 maii.
981 1644 1041 1704 Sed
1076 1643 1148 1723 quid
1176 1642 1311 1703 faciam?

389 1728 492 1790 Homo
516 1748 593 1807 sum,
616 1730 754 1808 spiritum
775 1728 894 1805 habeo,
916 1728 1002 1787 ouius
1024 1727 1224 1804 desiderium,
1243 1745 1310 1786 eum

389 1814 429 1871 sit
451 1812 642 1889 immortalis,
664 1812 818 1891 exstingui
835 1829 898 1871 non
914 1817 1029 1891 potest.
1071 1810 1168 1870 Etilti
1188 1826 1247 1889 pro
1268 1811 1311 1868 in·
1396 1819 1397 1842 i

390 1896 469 1975 signi
492 1896 619 1954 caritate
641 1914 691 1954 me
710 1894 794 1953 mala
815 1900 922 1973 optare
936 1912 998 1953 non
1016 1895 1206 1973 permittunt,
1229 1893 1312 1953 bona

353 1992 356 2007 ¹
391 1996 515 2057 quoque
539 1984 648 2057 optare
670 1976 844 2056 prohibent.
888 1976 969 2051 Quid
991 1976 1062 2036 hino
1088 1976 1221 2036 iirturum
1246 1995 1312 2056 spe·
1396 1991 1397 2054 j

391 2078 467 2137 rem,
490 2060 548 2119 nisi
571 2066 605 2120 ut
626 2059 750 2119 tandem
772 2059 957 2139 prohibeant
977 2067 1009 2119 et
1030 2061 1177 2141 cogitare,
1199 2065 1254 2119 aut
1275 2059 1312 2118 de
1396 2067 1397 2128 i

391 2142 556 2223 eogitando
583 2142 716 2203 seribere
748 2148 779 2202 et
805 2142 911 2222 loqui?
944 2142 1082 2202 Tandem
1114 2144 1241 2202 venient
1263 2161 1312 2218 eo,
1396 2145 1397 2206 ξ

390 2233 422 2285 ut
444 2227 548 2286 vivere
571 2245 671 2286 meum
698 2226 813 2285 faciant
840 2225 1007 2302 haeresim,
1041 2233 1072 2285 et
1102 2233 1206 2286 tamen
1235 2227 1311 2285 mori
1396 2241 1397 2266 ¹

388 2328 451 2369 non
476 2311 579 2369 sinant
600 2326 669 2369 esse
691 2308 822 2386 bonum,
845 2314 962 2367 tantum
985 2307 1044 2369 sibi
1066 2314 1192 2389 arrogat
1213 2310 1311 2367 seien-

388 2390 557 2452 tiiieissima
578 2392 637 2453 ista
653 2392 877 2471 theologistria,
901 2410 939 2451 ex
960 2394 1081 2451 sentina
1092 2391 1311 2472 philosophias

388 2494 461 2534 suae
483 2476 655 2555 progenita.
699 2476 740 2535 Et
761 2474 793 2533 hi
809 2487 917 2534 tamen
941 2483 1027 2552 sunt,
1051 2476 1103 2554 qui
1124 2482 1238 2555 regunt
1257 2492 1311 2554 po-

386 2558 487 2637 pulos,
513 2564 676 2618 oaourrunt
698 2557 868 2636 scandalis,
899 2557 1076 2637 ducuntque
1099 2576 1174 2619 oves
1197 2558 1310 2619 Christi

386 2640 425 2699 ad
448 2641 541 2700 vitam
564 2648 739 2720 aeternam,
763 2642 842 2700 siout
872 2642 1018 2720 seriptum
1047 2647 1095 2701 est
1105 2640 1159 2724 *):
1191 2640 1311 2701 anous

387 2740 512 2783 eaeaum
530 2724 622 2801 duait,
652 2731 683 2784 et
712 2724 805 2785 ambo
820 2724 850 2783 in
868 2724 990 2784 foveam
1005 2724 1128 2785 eadunt.
1151 2724 1194 2784 -Ο
1216 2742 1310 2803 quan-

388 2808 425 2865 tis
452 2805 525 2865 diris
548 2813 580 2867 et
601 2807 684 2867 furiis
700 2808 730 2866 in
755 2826 805 2867 ma
828 2814 957 2887 agerent
978 2808 1027 2867 isti
1042 2807 1234 2889 Stolpenses‚
1257 2826 1311 2867 seu

388 2890 492 2969 potius
515 2889 687 2970 'l’alpenses
713 2892 763 2967 (ut
785 2889 986 2970 aiodioem),
1010 2891 1035 2950 si
1064 2910 1123 2971 ego
1145 2898 1208 2951 tam
1232 2890 1310 2950 blas-

387 2972 503 3053 phemo
527 2980 558 3034 et
580 2976 674 3053 impio
697 2973 844 3053 dogmate
866 2975 1052 3053 statuissem,
1076 2992 1139 3035 non
1161 2973 1311 3034 lioerelo-
1396 2977 1397 2982 ’

336 3119 340 3127 2
387 3058 439 3136 qui
463 3055 501 3115 de
525 3062 682 3137 potestate
706 3056 922 3137 aeneidarum,
950 3074 1010 3118 neo
1031 3063 1142 3137 optare
1163 3063 1309 3118 statutum
1396 3069 1397 3078 ¹

387 3140 524 3199 eiusdem
560 3141 733 3219 potestatis.
776 3139 819 3199 Et·
852 3141 979 3218 merito,
1022 3141 1095 3221 quid
1128 3142 1225 3217 enim,
1260 3141 1310 3201 vel

385 3224 522 3301 ipsorum
545 3222 679 3301 iudicio,
710 3229 813 3303 potest
842 3242 911 3283 esse
932 3242 989 3303 par
1015 3224 1087 3284 huie
1107 3217 1258 3303 impietati
1280 3233 1312 3283 et

387 3304 619 3384 blasphemiae?
643 3306 766 3369 Soilioet
787 3306 834 3367 his
849 3308 941 3367 armis
952 3306 1112 3368 fortissimi
1134 3307 1229 3367 duaes
1248 3307 1311 3367 bel-

387 3389 485 3449 lorum
508 3390 645 3451 instructi
678 3408 739 3450 non
763 3390 862 3451 solum
886 3390 1000 3451 docent
1033 3391 1221 3470 catholicos,
1256 3390 1311 3449 sed

389 3473 481 3532 etiam
516 3480 696 3555 expugnant
718 3473 875 3536 Bohemos
908 3484 939 3533 et
962 3474 1192 3552 sahismatioosq
1226 3475 1311 3535 docti
1396 3517 1397 3524 κ

387 3558 417 3615 in
441 3556 579 3635 principe
602 3556 834 3617 daemoniorum
859 3558 971 3617 eiicere
993 3556 1166 3622 daemonia.
1280 3568 1287 3583 '

516 3639 683 3718 Postquam
706 3647 808 3700 autem
831 3640 979 3716 vidimus,
1004 3648 1120 3720 quanta
1141 3643 1257 3721 pietate
1281 3649 1312 3702 et

318 3751 327 3773 s
387 3722 532 3782 doctrina
575 3742 644 3782 mea
676 3722 877 3798 oonfutarint‚
910 3742 993 3783 nuno
1028 3743 1141 3804 operae
1181 3728 1312 3804 pretium

387 3812 434 3864 est
454 3803 577 3884 videre,
605 3812 719 3884 quanto
743 3806 856 3867 robore
878 3826 935 3866 sua
955 3815 1067 3871 oonba
1087 3828 1136 3870 me
1159 3812 1308 3870 muniant.
1396 3849 1397 3856 κ

395 3974 728 3995 *mr—um

459 4067 491 4138 ⁸)
511 4070 605 4125 uarii.
625 4070 667 4126 15.
