3159 4792
477 512 574 563 contra
591 505 760 565 Antinomos
779 508 815 564 de
832 512 1011 579 poenitentia.
1146 508 1210 575 433

350 692 399 755 32.
421 690 492 772 Ipso
514 694 592 755 enim
615 693 723 755 Mattb.
745 698 774 759 5.
798 694 899 775 legem
920 694 1000 757 llosi
1021 712 1085 757 non
1107 695 1207 757 solum

285 774 403 855 recitat,
427 774 481 835 sed
506 777 598 839 stiam
618 777 753 857 perfecte
776 778 928 859 explicat,
950 785 983 839 ct
1003 798 1065 840 non
1088 778 1209 840 solven-

286 855 356 917 dam
380 878 449 919 esse
471 858 570 921 docet.

348 942 397 1005 33.
417 940 459 1002 Iit
479 942 675 1005 Pharisaeum
699 943 738 1005 dc
759 963 874 1025 magno
896 951 928 1005 ct
948 945 1048 1026 primo
1063 945 1208 1007 mandato

284 1022 363 1103 legis
385 1024 526 1087 erudiens
557 1026 719 1088 confirmat
739 1028 857 1108 legem,
881 1027 1032 1108 dicitque:
1070 1028 1139 1089 Hoc
1157 1028 1208 1091 iso

286 1112 318 1167 ct
339 1107 434 1169 vives.

346 1192 398 1255 34.
427 1192 545 1253 Passim
568 1211 692 1273 quoque
714 1215 770 1276 per
794 1194 988 1275 evangelium
1018 1196 1137 1276 arguit,
1165 1197 1209 1256 in·

285 1281 406 1353 crepat,
448 1276 593 1356 minatur,
631 1284 738 1356 terret,
780 1284 812 1339 et
844 1278 956 1338 similia
990 1278 1068 1360 legis
1108 1278 1210 1341 cidem

285 1365 419 1419 exercet.
1086 1393 1088 1398 ·

347 1442 396 1505 35.
419 1441 460 1503 Ut
481 1442 566 1504 nulla
590 1462 724 1523 unquam
745 1445 785 1504 sit
806 1443 914 1503 audita
935 1443 985 1503 vel
1001 1444 1103 1504 littura
1124 1444 1210 1505 frons
1244 1467 1246 1472 ·

285 1523 507 1604 impudentior,
541 1545 631 1605 quam
660 1528 805 1606 istorum,
841 1528 892 1607 qui
915 1526 1016 1608 legem
1039 1526 1209 1588 tollendam

286 1625 355 1667 csse
378 1607 505 1674 docent.

347 1692 396 1755 36.
425 1691 550 1754 Scilicet
577 1693 706 1753 miseros
735 1692 878 1753 homines
910 1691 1006 1772 pudet
1036 1692 1150 1754 docere
1177 1700 1210 1755 et

284 1772 396 1852 facere,
419 1775 502 1854 quod
523 1776 592 1856 ipse
614 1776 764 1836 Dominus
787 1782 821 1838 et
842 1776 917 1836 fecit
939 1782 971 1835 et
992 1775 1105 1837 docuit.

277 1911 283 1920 .
347 1860 396 1922 37.
419 1858 555 1920 Ponatur
576 1877 677 1938 casus,
702 1858 784 1938 quod
801 1865 962 1939 peccatum
977 1858 1103 1921 aliunde
1116 1878 1209 1939 quam

285 1940 462 2085 pppllegem
485 1942 584 2023 possit
606 1944 772 2023 cognosci,
795 1941 878 2022 quod
901 1949 1004 2004 tamen
1027 1950 1075 2004 est
1095 1944 1209 2024 impos·

285 2042 311 2085 si
332 2040 383 2087 re.
756 2080 761 2093 ,

348 2107 398 2169 38.
421 2106 482 2167 Our
503 2107 605 2188 legem
626 2107 717 2169 obiici
739 2115 880 2188 oportet,
903 2109 928 2169 si
950 2108 1031 2170 idem
1054 2115 1209 2190 operetur,

284 2189 368 2269 quod
390 2189 512 2252 aliunde
535 2191 683 2266 habetur,
706 2191 825 2252 scilicet
846 2192 1056 2272 cognitionem
1078 2194 1207 2273 pcccati.

330 2275 394 2337 39.
422 2273 461 2334 Et
490 2281 524 2334 ut
553 2276 754 2355 grammatice
787 2294 842 2335 seu
865 2274 1063 2337 materialiter
1085 2282 1208 2355 sumpto

284 2355 436 2523 vocabupo
458 2357 511 2417 lex
533 2358 692 2419 tolleretur
722 2356 802 2441 (hoc
824 2359 905 2420 enim
929 2374 1058 2421 necesse
1081 2365 1131 2419 est
1152 2377 1208 2419 cos

283 2439 427 2501 sentire.

345 2522 395 2586 40.
427 2522 500 2598 Quis
523 2524 613 2586 tollet
641 2523 726 2585 illam
758 2525 930 2603 viventem,
961 2525 1146 2606 insculptam
1178 2524 1209 2585 in

286 2604 445 2685 cordibus,
468 2614 499 2667 et
521 2606 756 2689 chirographum
777 2608 893 2670 decreti
908 2610 1093 2671 contrarium
1110 2606 1211 2689 nobis,

281 2688 364 2769 quod
387 2688 470 2763 idem
489 2699 536 2752 est
558 2710 629 2751 cum
652 2691 723 2773 legs
746 2691 836 2754 Mosi.

325 2854 549 2936 Disputatio
582 2862 723 2936 quarta
758 2856 795 2918 D.
822 2856 979 2917 Martini
1007 2857 1169 2919 Lutheri

313 2958 315 2965 ·
542 2946 677 3002 contra
704 2938 953 3001 Antinomcs.

236 3105 248 3114 .
283 3055 430 3117 Cavenda
452 3055 593 3118 doctrina
607 3056 800 3138 Papistarum
823 3056 861 3117 dc
883 3057 1085 3137 poenitentia,
1109 3056 1205 3117 multo

284 3140 383 3221 magis
405 3140 659 3217 Antinomorum,
689 3142 740 3221 qui
772 3140 888 3201 nullam
918 3140 1140 3222 poenitentiam
1161 3159 1207 3200 re-

547 3223 688 3307 linqupnt
708 3224 739 3285 in
763 3222 952 3303 ecclesia*t.

370 3343 397 3405 1.
427 3339 519 3401 Nulla
550 3338 607 3402 fuit
638 3343 668 3403 in
691 3342 825 3404 ecclesia
853 3341 1048 3422 pestilentior
1069 3340 1212 3402 doctrina

285 3431 393 3485 contra
426 3426 646 3504 poenitentiam
679 3424 830 3508 (excepta
850 3425 1014 3487 Zaducaea
1042 3431 1073 3485 et
1099 3423 1211 3504 Epicu·

284 3504 356 3590 rea)
381 3526 472 3587 quam
493 3507 694 3589 Papistarum.

368 3590 513 3654 2.1Haec
539 3590 661 3652 sustulit
687 3592 910 3671 poenitentiam
931 3593 1082 3671 integram
1105 3594 1136 3649 et
1157 3607 1210 3648 ve·

284 3691 367 3751 ram,
398 3673 470 3734 dum
504 3694 567 3737 non
601 3675 741 3756 permisit
765 3680 880 3735 certam
903 3694 972 3736 esse
994 3673 1208 3734 remissionem

285 3762 495 3839 peccatorum.

385 3945 389 3958 l

358 3972 389 4043 ⁸)
410 3975 537 4044 Repetite
556 3978 598 4027 est
616 3972 685 4026 boec
703 3970 847 4039 inscriptio
866 3984 903 4022 ex
922 3963 964 4022 e'd.
984 3966 1063 4029 1558,
1082 3965 1160 4021 deest
1177 3966 1206 4017 in

172 4042 173 4051 ’
286 4045 329 4100 ed.
350 4046 429 4103 1538.

313 4152 404 4194 Lutheri
421 4162 472 4204 opp.
487 4153 512 4194 V.
527 4151 553 4191 Δ.
568 4150 596 4191 sd
610 4149 650 4191 rel.
664 4150 714 4191 trist.
728 4150 744 4191 l.
757 4160 780 4200 p.
794 4147 844 4189 Vol.
858 4146 895 4189 tv.
1067 4115 1109 4179 28
