3159 4792
463 524 498 578 ad
515 524 785 583 condemnationem
806 525 997 583 doctrinalem.
1141 525 1201 593 191

288 728 373 771 seusu
395 712 504 792 capitis
525 718 557 772 et
576 713 756 792 opinionum
784 733 907 776 suarum
930 723 1068 796 egerunt,
1089 714 1202 777 autad

287 814 433 856 summum
467 794 601 856 decretis
638 795 813 857 humanitus
835 799 974 877 statutis,
1006 807 1039 858 ut
1061 797 1202 860 omnibus

286 877 383 957 palam
406 879 460 957 sit,
492 878 631 938 infelices
653 879 711 939 hos
733 880 874 941 homines
896 901 958 942 non
981 881 1111 961 iudicio,
1147 881 1202 942 sed

286 979 366 1022 mera
387 962 559 1022 temeritate
580 962 763 1042 praecipites
784 964 871 1041 lami,
904 983 962 1025 nee
984 964 1098 1026 offendi
1121 965 1201 1025 falsi-

289 1050 356 1122 tate,
378 1043 433 1105 sed
455 1046 501 1105 uri
522 1047 674 1122 conlate,
692 1064 783 1125 quam
802 1054 1027 1128 tamenpostea
1047 1048 1202 1110 residente

285 1128 426 1206 paulatim
450 1128 552 1189 furore
574 1136 747 1208 agnoscunt
768 1136 800 1190 et
820 1131 878 1212 ipsi
901 1149 1004 1191 veram
1027 1131 1130 1193 luisse.

363 1211 530 1272 Iohannem
551 1211 631 1272 Huss
665 1219 696 1273 et
714 1211 935 1294 Hieronymum
958 1213 997 1275 de
1019 1215 1117 1296 Praga
1139 1234 1200 1296 qua

285 1294 399 1354 ratione
420 1296 633 1374 superaverint
659 1295 889 1357 constantiensi
913 1295 1070 1378 Concilio,
1104 1305 1137 1358 ut
1157 1309 1200 1359 te-

286 1393 364 1436 ceam
388 1378 553 1457 epistolam
564 1378 673 1459 Poggii
693 1379 872 1458 Florentiui,
895 1377 1006 1440 deinde
1027 1381 1200 1442 robustissi·
1311 1437 1314 1450 ,

285 1477 359 1520 mem
380 1460 512 1539 famam,
534 1479 625 1540 quam
647 1480 707 1522 nec
726 1481 835 1523 omues
858 1463 1035 1543 pontifices,
1058 1484 1116 1525 nec
1138 1483 1202 1526 orn·

285 1560 335 1602 nes
358 1541 583 1604 Universitates
610 1543 719 1605 sedare
749 1554 878 1624 queant,
902 1549 993 1607 etiarn
1016 1550 1096 1608 inter
1116 1551 1202 1628 ipsos

284 1625 443 1707 Magistros
465 1633 588 1687 nostros
609 1629 750 1707 privatim
773 1629 1006 1691 confabulantes
1028 1631 1102 1691 satis
1130 1648 1202 1692 eou-

284 1716 390 1771 stat-et
410 1711 567 1771 convenit
1051 1739 1054 1746 ⁴

361 1794 417 1853 His
442 1793 592 1873 exemplis
614 1791 737 1855 abunde
771 1796 936 1858 monstrari
963 1802 1056 1876 puto,
1085 1801 1200 1874 quanto

285 1872 323 1936 sit'
340 1895 419 1957 opus
454 1878 565 1936 timore
585 1877 738 1959 Magistris
771 1876 1016 1956 damnatoribus,
1051 1885 1082 1939 et
1109 1896 1200 1957 quarn

284 1960 369 2020 anxie
391 1959 569 2021 conandum
592 1963 631 2020 sit
653 1962 712 2040 eis,
735 1968 768 2022 ut
787 1961 901 2024 iudicia
924 1961 981 2022 Dei
1003 1961 1149 2023 terribilia
1170 1967 1203 2020 et

284 2043 431 2105 mirabilia
452 2061 515 2104 non
545 2045 606 2103 sint
633 2045 726 2125 longe
748 2064 765 2104 a
786 2045 865 2106 facie
899 2063 1022 2121 eorum,
1059 2043 1142 2126 quod
1164 2042 1204 2105 de

284 2125 378 2206 impiis
400 2126 557 2204 scribitur,
580 2130 758 2206 praesertim
781 2145 850 2188 cum
874 2131 966 2189 toties
987 2127 1114 2189 videant
1134 2146 1204 2188 sese

284 2207 459 2270 foedissime
498 2211 679 2290 impegisse,
729 2217 760 2272 et
795 2207 954 2272 veritatem
1000 2213 1201 2291 oppressisse,

284 2310 320 2352 ne
344 2293 470 2353 tandem
508 2312 563 2373 pro
598 2312 655 2353 sua
686 2295 859 2354 temeritate
891 2301 922 2354 et
942 2295 1100 2374 impietate
1127 2294 1201 2353 auti·

285 2374 381 2436 christi
403 2376 549 2454 Apostoli
570 2374 761 2438 censeantur.

361 2459 572 2520 Vehementer
610 2466 712 2521 autem
750 2459 886 2520 admiror
924 2459 1134 2520 Lovanienses
1173 2463 1204 2516 et

286 2540 484 2603 bolonienses
507 2541 688 2624 theologos,
717 2544 767 2622 qul
789 2561 865 2623 prae
888 2544 1023 2604 omnium
1048 2540 1202 2601 Universi-

286 2630 374 2685 tatum
400 2625 555 2706 theologis
585 2625 674 2706 primi
703 2645 826 2706 semper
847 2628 877 2689 in
902 2628 999 2688 aciem
1022 2623 1201 2685 temeritatis

286 2706 488 2787 descendunt,
517 2708 564 2769 his
587 2710 738 2790 exemplis
760 2729 823 2771 non
844 2709 1013 2791 pudefieri,
1043 2715 1075 2768 et
1095 2723 1203 2766 omnes

285 2791 355 2853 alios
379 2792 522 2853 homines
551 2793 630 2853 adeo
652 2794 828 2855 insensatos
850 2795 969 2874 stipites
990 2790 1140 2867 iudicare,
1171 2795 1205 2848 ut

285 2893 341 2936 non
363 2876 504 2956 cogitent
530 2895 616 2935 suam
639 2877 791 2938 inscitiam
820 2881 853 2936 et
880 2877 1082 2936 temeritatem
1111 2870 1203 2932 toties

285 2956 506 3039 deprehensam
539 2959 703 3039 palamque
735 2960 927 3036 traductam,
962 2957 1041 3018 adeo
1069 2955 1204 3034 graviter

285 3041 392 3122 ubique
403 3042 533 3121 foetere,
548 3048 583 3101 ut
594 3043 684 3102 nullis
701 3041 957 3103 Universitatibue
980 3035 1205 3118 quantumlibet

285 3128 382 3202 parvis
390 3126 491 3185 minua
506 3127 679 3186 autoritatis
694 3131 724 3186 et
739 3125 893 3205 opinionis
909 3123 1059 3200 reliquum
1075 3119 1123 3179 sit.
1140 3115 1200 3178 Sed

286 3205 334 3290 (ut
346 3208 432 3286 dixi)
445 3211 491 3268 ira
506 3208 562 3268 Dei
573 3209 651 3270 haec
660 3217 716 3287 est,
731 3210 782 3289 qui
795 3208 944 3268 caecitate
957 3202 1130 3266 elementia
1146 3218 1202 3262 eos

285 3293 438 3369 percussit,
456 3293 536 3352 sicut
549 3310 603 3352 cor
621 3292 790 3353 Pharaonis
804 3291 958 3351 induravit
972 3294 1003 3370 et
1013 3285 1201 3370 aggravavit.

363 3375 427 3437 Sed
450 3374 618 3455 tingamus,
642 3377 757 3455 optime
779 3373 1019 3454 Christophore,
1041 3371 1201 3452 Magistro-

284 3475 330 3518 um
352 3460 536 3520 eximiorum
558 3458 672 3520 iudicio
695 3460 800 3519 omnia
822 3458 979 3538 hueusque
1000 3456 1093 3516 fuisse
1116 3465 1201 3530 sana,

284 3539 409 3622 integra,
432 3549 464 3602 et
485 3541 596 3603 divinis
618 3543 713 3602 literis
735 3539 865 3620 firmata,
888 3555 1137 3620 seponamusque
1157 3537 1201 3593 in-

284 3626 367 3685 terim
390 3643 409 3684 a
432 3632 600 3705 conspeetu
623 3632 729 3685 nostro
755 3625 902 3705 insignem
925 3623 1068 3683 fiduciam
1091 3627 1122 3680 et
1151 3637 1201 3677 au-

285 3705 411 3787 daciam,
431 3725 485 3768 seu
496 3710 711 3785 temeritatem,
731 3707 957 3786 quahueusque
971 3707 1068 3787 magis
1080 3702 1201 3763 latroci-

284 3793 343 3851 nati
354 3798 434 3870 suut,
448 3810 540 3871 quam
553 3791 724 3852 eruditione
736 3798 767 3850 et
781 3792 933 3874 gravitate
943 3789 1064 3870 probati
1076 3786 1202 3848 inventi.

363 3875 413 3935 Ad
436 3893 537 3936 meam
549 3894 673 3936 causam
687 3875 858 3953 veniamus,
880 3873 942 3952 ubi,
963 3875 988 3932 si
1010 3891 1060 3932 me
1083 3881 1202 3931 errasse

239 3995 243 4011 .
286 3954 570 4038 deprehendissent,
591 3964 752 4039 proterant
773 3957 886 4039 duplici
909 3959 973 4033 via,
994 3964 1046 4016 eut
1067 3955 1201 4015 caritafis

285 4051 332 4102 aut
352 4043 425 4103 iuris
448 4041 629 4120 Christiani,
662 4057 782 4104 mecum
814 4059 917 4122 agere.
960 4040 1102 4100 Caritatis
1127 4043 1202 4106 erat,
