3159 4792
523 471 558 529 de
577 474 754 529 distinetione
772 486 885 545 person.
902 475 943 527 ἰαί
950 471 1036 529 divin.
1180 467 1244 538 473

387 660 437 723 29.
457 658 545 719 usin
567 659 710 720 solatium
732 659 783 720 hio
804 660 1022 740 quaesiverunt
1039 658 1078 719 ad
1098 658 1243 719 iustitiam

327 742 384 801 Dei
406 760 475 803 oum
499 742 710 804 misericordia
725 743 961 822 oonoiliandam,
984 742 1040 803 sed
1054 740 1244 802 mirandem

325 826 475 887 incarnati
493 826 551 886 Dei
573 827 651 886 ratio
673 832 722 886 est
743 826 837 901 nulia,
861 826 1005 887 solatium
1028 834 1075 886 est
1097 825 1222 885 nulium.

387 910 438 974 30.
467 908 527 984 Qui
558 914 668 989 putant
692 910 802 969 vitium
836 917 868 970 et
896 917 1058 990 peecatum
1079 910 1111 968 in
1134 917 1244 969 natura

325 990 471 1071 haerere,
500 992 583 1071 quod
606 994 646 1053 sit
667 1012 706 1053 ex
728 992 824 1054 nihilo
845 993 941 1071 mota,
964 1009 1070 1074 parum
1093 991 1245 1053 abeunte

325 1075 512 1137 oontumoiia
534 1074 704 1155 Crantoris,
732 1093 801 1135 anm
835 1077 907 1136 tale·
926 1094 990 1137 non
1024 1076 1121 1137 sitin
1150 1094 1243 1155 ange-

326 1156 374 1235 lis,
396 1158 475 1235 sole,
488 1158 596 1219 ¹stellis
617 1165 649 1219 et
670 1165 737 1222 toto
759 1159 850 1219 ooelo
873 1165 931 1219 eto.
1105 1162 1109 1169 '
1232 1166 1236 1174 ’

388 1242 437 1305 34.
467 1239 525 1315 Qui
555 1243 770 1322 cogitauerunt
792 1243 927 1302 animam
956 1262 995 1302 ex
1017 1242 1144 1302 tradnoe
1165 1253 1244 1321 ease,

326 1322 467 1409 ridentur
487 1342 552 1385 non
574 1326 696 1405 penitae
718 1324 822 1386 aliena
841 1343 863 1386 a
882 1324 1047 1409 Scripturis
1069 1326 1214 1385 sensisse.

340 1435 342 1443 ,
387 1408 437 1471 32.
459 1407 525 1469 lmo
547 1408 857 1480 facilius-defendent
877 1408 1135 1489 propagationem
1156 1409 1243 1489 origi⁴

325 1489 404 1549 nalis
426 1492 563 1569 peceati,
599 1510 689 1574 quarn
721 1492 760 1569 ii,
793 1493 845 1572 qni
874 1491 963 1552 aliter
994 1492 1145 1576 sentiunt,
1166 1507 1242 1550 oum

328 1572 519 1653 (Augustino
536 1579 673 1653 autore)¹
701 1582 862 1655 peeoetum
882 1574 1046 1655 'originale
1068 1576 1160 1635 etiam
1190 1575 1244 1635 inr-

323 1656 423 1735 pietae
445 1657 494 1717 sit,
594 1692 597 1699 -
1126 1687 1130 1693 ·

388 1740 438 1803 33.
461 1740 651 1821 Augustinus
674 1741 785 1802 fatetur
806 1757 876 1801 sese
897 1741 1058 1821 ignorare,
1087 1746 1155 1800 utra
1176 1760 1244 1799 sen-

325 1824 421 1882 tentia
440 1826 554 1885 certior
573 1831 605 1883 et
625 1825 727 1886 verior
748 1825 803 1903 sit,
834 1842 895 1885 neo
916 1824 974 1884 init
995 1824 1162 1900 haetenus,
1193 1824 1243 1903 qui

325 1921 393 1965 earu
418 1907 631 1985 quaestionem
654 1907 912 1969 determinaverit.

266 2014 268 2017 ·
387 1990 437 2053 34.
465 1988 543 2049 Nam
575 1990 658 2069 quod
680 1990 903 2071 Hieronymum
935 1996 1103 2069 sequuntur
1129 1990 1181 2049 aiii
1204 2000 1243 2049 ert

325 2070 404 2134 Peai,
427 2072 569 2133 XXXIII:
614 2071 672 2148 Qui
694 2072 784 2134 finxit
805 2074 979 2155 singulatim
1007 2073 1102 2135 eorde
1128 2084 1244 2150 eorum,

322 2152 398 2213 nihil
421 2154 460 2215 nd
485 2174 550 2217 rem
572 2154 674 2217 iaoere
697 2159 771 2217 satis
793 2164 888 2238 patet.
935 2180 938 2196 ¹
966 2184 969 2187 ⁴

383 2240 433 2303 aa.
460 2238 740 2301 [interminationes
769 2257 844 2301 vero
872 2248 975 2321 papae
1004 2246 1034 2300 et
1055 2259 1130 2300 suae
1152 2258 1241 2319 syna·

323 2337 424 2399 gogae
455 2341 510 2402 pro
543 2323 802 2385 exterminatione
829 2343 885 2385 seu
907 2324 1124 2384 exsecratione
1143 2325 1242 2385 iustis

322 2404 401 2463 sima
422 2422 516 2465 eausa
538 2405 697 2469 habemus.
731 2434 739 2452 x

384 2489 434 2553 36.
462 2487 570 2568 Neque
592 2490 752 2568 animine,
774 2508 875 2570 neque
896 2483 1074 2554 facultatem
1097 2489 1242 2568 habstin

322 2567 462 2631 doctrina
483 2568 554 2632 fidei
577 2574 739 2653 quiequam
762 2563 960 2652 deterrendi,
982 2574 1087 2634 autin
1109 2574 1243 2634 eeclesia

321 2652 379 2713 Dei
401 2652 515 2733 aliquid
537 2653 681 2717 iaoiendi.

384 2736 432 2799 37.
456 2738 505 2797 ius
527 2758 590 2799 non
612 2738 715 2816 habet,
735 2738 809 2821 qnia
830 2746 959 2799 rosetus
980 2755 1044 2799 non
1060 2748 1120 2817 osu,¹
1140 2744 1242 2819 neque

321 2838 341 2878 a
364 2818 451 2899 Deo,
484 2840 584 2901 neque
609 2822 648 2883 ab
670 2821 862 2898 hominibus,
893 2821 949 2882 sed
975 2822 1101 2901 propria
1122 2825 1242 2901 temeri·

260 2960 264 2967 .
323 2908 386 2963 tate
408 2922 477 2964 sese
499 2905 621 2969 intrusit
640 2904 756 2966 idolum
779 2905 1041 2984 etabominatin„
1212 2973 1216 2981 ,

383 2986 433 3050 38.
456 2986 645 3049 Facultatern
667 3008 729 3049 non
755 2987 859 3067 habet,
883 2988 955 3071 quia
976 2985 1077 3048 bestia
1098 2984 1242 3045 indootis‘-

323 3070 400 3129 sima
422 3079 453 3130 et
475 3076 582 3132 venter
604 3070 712 3134 surdus
740 3071 779 3132 ed
802 3068 989 3152 scripturam
1017 3077 1156 3131 sanatam
1186 3075 1242 3145 est,

321 3152 401 3213 siout
421 3155 526 3216 adnue
548 3154 588 3217 ad
609 3155 728 3235 lyram..
767 3206 773 3213 .
932 3188 960 3206 -.

384 3239 435 3301 39.
458 3237 523 3304 nea
543 3238 687 3311 ferandus
710 3239 810 3299 estin
831 3236 966 3313 aedesio
987 3234 1241 3315 Pythagorismua

322 3317 390 3379 iile:
413 3320 483 3399 lpse
505 3321 597 3399 dixit,
620 3340 681 3401 quo
705 3322 773 3382 solo
795 3327 905 3401 regnat
925 3338 1024 3400 papo,
1046 3318 1100 3380 sed
1123 3319 1173 3398 qui
1198 3317 1240 3377 lo-

321 3401 420 3543 guitnr
453 3423 612 3466 sermones
645 3405 718 3483 Dei,
750 3413 783 3465 ut
817 3405 860 3464 ait
888 3404 1010 3482 Petrus,
1041 3401 1092 3462 hio
1118 3401 1243 3461 andien-

345 3503 380 3543 us
403 3494 458 3546 est.
554 3542 555 3549 ,

382 3568 432 3635 40.
455 3568 551 3650 Igitur
572 3590 654 3651 papa
675 3576 722 3631 est
743 3570 855 3650 nullus,
878 3578 910 3636 et
931 3570 1045 3647 omnia,
1068 3588 1147 3649 quae
1170 3568 1243 3629 dicit

321 3650 460 3729 etfacit,
487 3662 559 3717 eunt
580 3653 735 3725 nullitates
749 3656 826 3735 ipso
848 3655 930 3734 iure,
959 3659 993 3725 ot
1012 3653 1114 3725 iuret
1135 3659 1243 3724 natura

320 3752 383 3813 una
404 3754 477 3801 oum.
496 3736 590 3798 verbo
613 3744 772 3801 tastanurr.

382 3818 432 3881 41.
462 3819 570 3881 Melius
594 3822 631 3881 in
643 3852 646 3858 ·
659 3820 719 3881 inae
739 3840 780 3881 re·
795 3819 977 3882 deoerneret
995 3823 1077 3884 ratio
1099 3828 1131 3881 at
1147 3826 1241 3900 poeta

320 3896 442 3963 disens:
465 3903 585 3965 Patrem
608 3906 745 3983 seqnitur
763 3916 822 3965 'sna
841 3904 959 3983 proies.-
1023 3920 1026 3926 ·

382 3986 431 4049 42.
463 3986 608 4066 Constat,
635 3987 754 4069 prolem
782 3988 853 4069 lege
883 3989 1038 4051 communi
1061 4010 1124 4053 non
1147 3987 1240 4053 modo
