3159 4792
582 503 619 561 de
636 504 759 576 Qumis
777 508 979 578 episcoporum.
1174 503 1237 573 361

315 787 613 851 conclusiones
634 788 705 849 hee
725 787 797 862 Dei
824 788 978 850 auxilio
1000 788 1159 870 publice
1181 787 1237 851 de-

667 870 889 934 tendentur.
1132 884 1139 894 ’

442 1062 445 1064 Α
564 988 719 1053 Auno‘ll.
741 989 779 1051 D.
802 988 989 1065 XXVlll*).

384 1110 412 1171 1.
436 1105 620 1187 Quicunque
653 1115 761 1168 contre
793 1115 932 1188 apertum
967 1116 998 1169 et
1036 1110 1150 1169 clerum
1178 1096 1239 1170 Dei

318 1190 449 1252 verbum
471 1190 545 1272 ogit,
565 1191 593 1250 is
613 1191 707 1273 plene
727 1190 767 1251 cd
789 1190 963 1273 gehennom
986 1190 1136 1253 aedificet.

380 1276 409 1337 2.
431 1273 475 1334 At
505 1273 641 1354 bigamia
673 1275 837 1336 manifeste
864 1294 920 1355 per
952 1275 1078 1336 verbum
1100 1282 1148 1336 est
1169 1294 1238 1355 pro·

316 1357 415 1418 hibita
436 1358 467 1417 in
489 1356 661 1418 secerdote.

381 1442 411 1505 3.
435 1440 551 1502 Ousire
567 1445 706 1520 apertum
727 1441 819 1521 igitur
833 1440 889 1500 Dei
911 1439 1038 1501 verbum
1060 1440 1134 1522 egit,
1157 1448 1188 1502 et
1201 1438 1240 1501 ed

317 1523 492 1605 gehennom
511 1520 655 1584 aedificet
671 1524 836 1605 episcopus
859 1524 909 1583 vel
930 1524 1101 1604 presbyter,
1123 1524 1173 1604 qui
1196 1542 1241 1585 se

317 1606 451 1667 cundem
472 1610 600 1667 nitorem
623 1606 717 1668 ducit.

384 1691 415 1752 4.
437 1687 621 1768 Quicunque
642 1689 735 1770 plene
756 1708 794 1750 ec
816 1689 950 1749 dilucide
972 1689 1094 1749 divinae
1110 1688 1242 1770 Scriptu-

320 1792 375 1833 ree
397 1772 493 1833 verbe
514 1771 684 1853 depravere
705 1773 811 1833 nititur
838 1780 891 1833 cut
912 1772 1115 1853 obtorquere,
1147 1773 1173 1833 is
1191 1792 1242 1833 eu·

318 1854 450 1917 diendus
468 1874 531 1916 non
554 1862 611 1931 est,
633 1854 688 1915 sed
708 1853 929 1935 reprobandus.

381 1942 411 2003 5.
433 1938 577 2019 Apostoli
598 1937 694 2000 verbe
714 1938 753 1998 sd
774 1938 985 2013 Timotheum,
1018 1938 1103 2017 quod
1124 1938 1243 2017 episco-

318 2042 393 2104 pum
415 2023 505 2083 nnius
528 2022 633 2082 uxoris
654 2022 797 2081 meritum
820 2040 889 2083 esse
903 2027 1036 2102 oportet,
1056 2022 1151 2101 plene
1173 2027 1244 2081 sunt

317 2112 351 2167 et
374 2104 518 2167 dilucide

382 2192 412 2253 6.
434 2187 476 2247 Iit
502 2188 602 2267 magis
640 2187 857 2266 persequentia
898 2187 1122 2266 explanantur,
1163 2185 1246 2266 quod

235 2308 241 2318 ι
320 2270 416 2332 vidue
437 2270 565 2351 allegari
587 2268 688 2345 debet,
709 2288 788 2348 quee
812 2270 900 2328 unius
921 2270 978 2329 viri
1001 2288 1079 2329 uxor
1098 2268 1198 2331 luerit

383 2358 411 2417 7.
437 2353 620 2433 Quicunque
630 2352 723 2433 igitur
733 2352 763 2411 in
778 2350 940 2413 secerdote
957 2351 1122 2433 bigamiam
1137 2351 1247 2413 admit

324 2438 361 2497 tit
383 2457 438 2497 sen
462 2435 613 2509 defendit,
635 2435 662 2495 is
685 2442 830 2514 tunquam
851 2434 976 2495 divinae
998 2434 1172 2514 Scriptnree
1195 2434 1245 2496 de·

320 2526 469 2601 provutor
485 2516 697 2599 reprobundus
721 2525 822 2579 estet
844 2518 1015 2598 pellendus.

382 2603 410 2667 8.
435 2600 553 2663 liudem
575 2601 670 2661 verbe
690 2601 722 2663 in
744 2602 810 2681 peri
823 2620 895 2661 cusu
911 2601 1156 2682 proletcperiter
1175 2607 1246 2661 sunt

318 2692 351 2746 et
374 2683 587 2765 lntelligende.
1170 2756 1172 2761 ι
1203 2690 1206 2723 l

382 2771 410 2833 9.
434 2766 616 2845 Quicunque
637 2766 729 2845 igitur
742 2765 888 2845 Apostoli
910 2766 1004 2828 verbs
1025 2768 1068 2827 ite
1089 2764 1242 2846 intelligit,

320 2860 357 2913 ut
379 2852 545 2931 episeopus
567 2847 617 2909 vel
639 2848 785 2909 sacerdos
809 2848 898 2908 simul
921 2856 952 2909 et
973 2848 1082 2909 eodem
1105 2855 1246 2929 tempore

320 2934 427 3014 plnres
449 2952 563 2993 uxores
585 2930 700 2994 hebere
720 2951 783 2992 non
808 2931 929 2994 debent.

362 3020 412 3081 10.
434 3016 464 3079 ls
485 3024 516 3077 et
537 3014 713 3096 peneadem
735 3014 830 3075 verbe
843 3013 986 3093 Apostoli
1006 3012 1096 3073 interi
1114 3013 1245 3092 cogitur,

322 3099 408 3181 quod
439 3105 471 3159 et
493 3098 601 3159 mulier
623 3098 726 3177 plures
748 3097 831 3157 viros
854 3096 944 3156 simul
984 3103 1016 3156 et
1037 3093 1147 3155 eodem
1171 3101 1246 3155 tem·

320 3202 397 3263 pore
424 3182 539 3242 hebere
560 3180 673 3260 possit,
701 3180 727 3239 si
748 3179 876 3260 allegari
898 3199 960 3239 non
984 3178 1125 3260 deberet,
1161 3176 1243 3258 quod

318 3266 413 3346 plane
435 3263 599 3325 absurdum
624 3270 716 3324 esset.

363 3352 414 3411 11.
437 3346 530 3408 Nulla
542 3346 698 3426 Scriptum
719 3344 895 3405 authentica
909 3344 1014 3407 doceri
1027 3351 1140 3426 potest,
1163 3342 1245 3425 quod

318 3430 424 3493 ludaei
448 3428 592 3509 Apostpli
613 3435 716 3489 setete
735 3430 892 3507 (exceptis
913 3428 1056 3509 regibus)
1073 3427 1148 3487 dues
1171 3445 1245 3486 uxo·

316 3532 367 3573 res
390 3512 501 3575 eodem
524 3518 665 3591 tempore
686 3509 858 3571 habuerint.

362 3599 411 3659 12.
434 3593 536 3656 llultis
559 3594 742 3655 testimoniis
761 3593 885 3673 probcri
900 3600 1013 3673 potest,
1036 3591 1120 3673 quod
1133 3590 1245 3655 Graeci

324 3738 585 3747 -..-----.-.--
591 3736 721 3745 ...ῃ--

394 3805 424 3869 *l
445 3804 543 3858 Annus
562 3821 618 3858 uon
637 3803 825 3860 indicetursin
840 3803 883 3855 ed.
905 3802 985 3868 1538,
1005 3804 1136 3870 repetitus
1157 3807 1246 3857 estex

318 3877 360 3931 ed·
384 3877 454 3934 1558
471 3885 499 3931 et
516 3876 559 3930 ed.
577 3875 641 3930 Jen.
679 3875 710 3929 In
743 3875 791 3927 ed,
825 3876 893 3930 1558
921 3876 1066 3941 inscriptio
1095 3873 1162 3927 heec
1190 3880 1248 3929 est:

318 3949 517 4003 conclusiones
536 3948 590 4001 hee
612 3951 709 4000 contre
728 3944 883 4015 digamiam
904 3944 1080 3999 secerdotum
1099 3944 1150 4001 Dei
1169 3950 1247 4001 suxi·

317 4020 356 4076 lio
374 4019 486 4090 publice
504 4018 693 4074 defendentur.
712 4016 796 4071 Anno
815 4018 849 4071 ll.
872 4018 905 4073 D.
925 4014 1048 4073 xxvflu
