3159 4792
522 515 586 571 hab.
605 516 634 568 in
653 521 772 585 promet.
790 514 934 571 Dcctorali
953 516 1051 570 Tbeol.
1168 513 1230 581 319

305 701 362 763 snb
384 702 491 781 specie
515 701 608 787 doni,
642 723 750 765 revera
771 700 941 765 secundum
963 704 1098 765 rationes
1121 712 1229 767 contra

305 783 433 846 donum.
477 785 558 846 Hinc
578 793 668 847 natus
694 795 743 847 est
772 793 804 849 et
824 786 1045 863 Antichristus,
1081 790 1133 867 qui
1155 788 1228 851 nihil

305 886 368 927 uon
393 870 586 947 arrogatsibi
609 872 639 929 in
652 870 818 950 theologia.
861 869 1017 932 Habentes
1029 878 1131 931 autem
1145 872 1229 933 theo·

303 950 422 1030 logiam
444 970 501 1031 pro
523 951 618 1030 dono,
640 973 702 1012 non
725 973 781 1033 pro
804 958 922 1031 natura,
944 972 1007 1014 non
1018 954 1116 1018 ruodo
1138 955 1230 1020 focile

303 1036 473 1113 patiuntur,
495 1035 551 1096 sed
571 1035 726 1097 humiliter
749 1043 859 1116 optant
880 1036 1017 1115 iudicari,
1040 1038 1120 1097 sicut
1129 1037 1228 1099 David

304 1117 396 1177 dicit:
427 1116 579 1198 Corripiet
601 1120 757 1193 me,*hinc
779 1138 842 1179 non
867 1118 989 1187 deliciet
1012 1121 1113 1184 oleum
1137 1122 1228 1201 copiti

304 1218 387 1261 meo.
411 1199 472 1269 Sed
496 1220 651 1263 nuncnon
674 1210 722 1266 est
742 1204 778 1262 iis
792 1202 889 1280 locus,
912 1222 1075 1283 pergamus
1088 1205 1119 1265 iu
1131 1204 1226 1264 verbo

304 1283 429 1343 Christi.
450 1285 567 1363 Dabo,
590 1286 702 1364 inquit,
728 1285 836 1346 vobis
859 1304 901 1345 os
924 1294 961 1346 et
982 1288 1227 1366 sapientiam.

303 1366 375 1427 Duo
398 1366 471 1426 dicit
505 1388 561 1447 per
582 1368 769 1448 theologiam
800 1367 879 1447 dari,
914 1387 949 1429 os
982 1377 1013 1429 et
1034 1371 1227 1449 sapientiam.

303 1449 447 1513 Laudant
482 1459 514 1511 et
543 1451 703 1531 gentilium
739 1452 852 1531 scripta
886 1458 917 1511 et
945 1470 1068 1530 quoque
1101 1452 1227 1531 dictant,

304 1533 366 1593 duo
390 1552 460 1593 esse
482 1536 659 1596 necessaria
677 1534 762 1595 bono
798 1534 930 1609 rhetori,
964 1534 1058 1595 verba
1090 1542 1122 1596 et
1152 1556 1226 1596 rem.

304 1616 409 1680 Verba
431 1618 497 1676 sine
518 1636 551 1678 re
572 1615 672 1679 bullas
694 1635 811 1696 aquae,
833 1624 864 1677 et
886 1619 910 1675 si
933 1617 1004 1695 quid
1027 1620 1135 1677 vanius
1158 1638 1226 1679 esse
1296 1626 1300 1634 “

304 1704 418 1778 potest,
440 1700 626 1764 arbitrantur
646 1720 726 1777 ease,
747 1719 813 1760 rem
833 1702 899 1761 sine
922 1700 1023 1761 verbis
1046 1702 1228 1763 miserentur

304 1791 336 1842 et
356 1782 539 1862 deplorant,
566 1783 671 1862 quod,
697 1790 731 1843 ut
752 1782 782 1846 8.
806 1783 995 1863 Augustinus
1017 1782 1105 1862 dicit,
1140 1786 1226 1850 noxii

303 1867 426 1945 patroni
448 1878 520 1930 sunt
541 1869 661 1927 veritati
683 1874 714 1926 et
733 1867 921 1946 sapientiae,
953 1868 980 1926 si
1003 1866 1139 1929 destituti
1161 1886 1225 1928 ver·

304 1950 368 2028 bis,
406 1950 451 2009 ita
473 1968 595 2009 causam
625 1949 734 2029 frigide
757 1956 861 2029 agant,
894 1956 927 2009 ut
960 1968 1018 2009 nec
1050 1952 1225 2032 intelligere

303 2032 396 2092 liceat
417 2051 475 2092 nec
496 2033 621 2093 credere
642 2033 751 2106 libeat,
784 2034 963 2112 praesertim
994 2033 1018 2093 si
1041 2033 1152 2096 ardeus
1174 2034 1225 2095 ad-

301 2118 454 2177 versarius
484 2116 634 2177 mendacii
667 2122 699 2175 et
719 2116 866 2176 stultitiae
898 2134 1020 2178 eausam
1056 2118 1101 2179 sic
1124 2116 1225 2179 verbis

302 2206 401 2273 ornet,
424 2205 458 2259 ut
471 2199 642 2260 auditorem
656 2207 789 2278 moveat,
802 2198 944 2273 delectet,
957 2197 1062 2259 flectat
1074 2208 1105 2259 et
1117 2203 1224 2279 rapiat.

385 2280 569 2361 Quanquam
582 2283 719 2343 Christus
741 2300 804 2341 non
825 2282 886 2341 hoo
908 2281 978 2342 loco
1002 2282 1040 2343 de
1063 2282 1225 2362 splendida

302 2366 356 2426 illa
379 2366 507 2425 rationis
529 2367 727 2446 eloquentia,
750 2366 830 2424 sicut
852 2382 953 2443 nequa
975 2364 1013 2425 de
1030 2365 1156 2427 illorum
1179 2366 1223 2427 lo·

300 2452 419 2528 quitur,
448 2448 543 2524 sed1)
568 2450 708 2530 potentia
731 2446 832 2526 verbi,
855 2447 894 2507 de
915 2447 985 2527 illa,
1006 2449 1148 2527 iuquam,
1169 2468 1223 2529 po·

300 2534 398 2593 tentia
429 2532 580 2612 loquitur,
616 2550 694 2611 quae
724 2532 809 2592 omni
840 2530 946 2611 gladio
978 2533 1102 2613 ancipiti
1131 2552 1223 2613 pene·

300 2614 441 2692 uante2)
465 2622 498 2675 et
518 2616 682 2676 discretrix
714 2623 761 2674 est
787 2614 943 2693 cordium,
976 2616 1153 2696 pertingens
1183 2614 1222 2677 ad

299 2700 484 2760 divisionem
506 2702 627 2759 animae
659 2707 692 2758 et
712 2698 851 2778 spiritns,
888 2696 927 2758 de
959 2717 1019 2777 qua
1040 2699 1115 2761 nihil
1136 2701 1224 2761 novit

299 2801 402 2862 nequa
429 2782 575 2863 intelligit
603 2781 781 2861 eloquentia
810 2780 971 2842 verborum
1006 2782 1158 2861 humana,
1192 2785 1221 2845 in

300 2867 385 2928 omni
410 2885 465 2925 sua
497 2884 611 2945 pompa
651 2873 682 2925 et
703 2865 810 2945 gloria.
855 2863 979 2942 Alioqui
1006 2865 1067 2925 hoc
1097 2884 1131 2926 os
1154 2885 1222 2945 pro·

299 2952 427 3010 missum
450 2968 512 3009 non
535 2956 619 3009 esset
640 2966 753 3009 novum
776 2946 892 3008 donum
915 2964 1006 3026 supra
1030 2955 1168 3010 naturam
1192 2956 1224 3009 et

298 3040 496 3096 ornaturae.

384 3115 558 3191 Vidimua³)
584 3116 664 3176 enim
696 3123 727 3175 et
760 3113 914 3189 videmus,
951 3112 1221 3192 eloquentissimos

300 3201 383 3260 viros
405 3198 498 3259 liceat
509 3196 713 3276 nominarii),
735 3197 906 3273 Erasmum,
930 3194 1120 3275 Sadoleturn,
1142 3195 1221 3257 Lon·

298 3284 433 3363 golium,
463 3282 571 3361 quibus
595 3278 722 3361 cum5),
758 3281 810 3341 ubi
831 3278 920 3341 deest
939 3277 1001 3341 hcc
1023 3279 1136 3341 donum
1161 3280 1221 3341 oris

298 3374 330 3426 et
363 3366 536 3445 sapientiae
562 3363 691 3440 Christi,
725 3365 768 3423 ita
796 3369 928 3426 tractant
955 3362 1149 3444 theologica,
1190 3369 1222 3425 ut

299 3449 391 3529 plane
413 3447 606 3530 infantesqet
627 3447 832 3509 balbutientes
856 3465 955 3507 moras
979 3447 1096 3527 glacies
1119 3455 1149 3507 et
1173 3445 1220 3505 fri·

296 3551 377 3611 gnra
398 3530 512 3591 dicant
541 3528 630 3591 Adeo
646 3537 717 3592 sunt
736 3531 797 3591 ista
819 3529 879 3593 duo
902 3532 932 3591 in
955 3547 1220 3609 unaquoquepro·

296 3614 434 3677 sessione
457 3615 631 3691 coniuncta,
655 3621 688 3673 ut
709 3621 793 3675 recte
814 3613 925 3675 dixerit
947 3614 1055 3693 poeta:
1085 3612 1220 3673 Altera

373 3748 401 3803 l)
425 3745 589 3798 Schneider:
610 3747 745 3812 loquitur,
766 3734 827 3794 aed?
861 3740 890 3801 2)
912 3738 1076 3791 Schneider:
1097 3740 1220 3803 penetra·

295 3817 388 3871 bilior.
426 3816 458 3884 3)
480 3816 646 3871 Schneider:
666 3814 795 3868 Vidimus
814 3814 887 3865 enim
909 3819 935 3863 et
954 3812 1079 3861 videmus
1093 3806 1221 3889 eloquen-

296 3892 421 3943 tissimos
443 3890 526 3954 viros,
547 3890 630 3941 liccat
649 3889 787 3940 nominari
806 3884 963 3943 Eraamnm,
983 3888 1035 3933 etc.
1055 3879 1089 3945 4)
1110 3879 1219 3930 Schnei-

295 3965 346 4014 der
365 3964 536 4029 auspicatur:
555 3962 708 4013 nominare.
727 3959 760 4016 br
782 3954 934 4009 Schneider
953 3951 1100 4021 legendum
1118 3954 1220 4005 causet:

295 4036 343 4103 qui
361 4033 510 4095 interdurn,
529 4033 674 4084 ubl-deest
691 4039 742 4084 eto.
