3159 4792
609 532 644 589 de
662 550 752 591 auena
772 552 884 607 magns.
1144 537 1210 605 419

350 715 400 778 27.
422 714 536 779 Dicunt
557 720 628 800 hou,
651 722 707 783 sed
729 723 923 804 mentientes,
947 742 1016 783 eum
1037 724 1126 787 factis
1149 726 1211 789 hou
1233 723 1235 726 ’

288 798 388 877 ipsum
410 798 529 867 fortiter
551 811 667 885 negent
687 812 720 867 et
740 806 898 870 damnent.

350 880 399 943 28.
432 880 540 965 Neque
572 889 597 947 si
630 889 759 973 angelus
788 889 828 950 de
861 890 951 951 eaelo
986 892 1119 974 veniret,
1152 892 1210 953 sibi

287 962 458 1103 poutradiai
478 969 644 1051 patiuntur,
666 992 767 1055 neque
789 971 978 1054 Paphnutius
1001 972 1137 1036 infinitos
1158 996 1211 1036 au·

309 1046 397 1109 irent.

349 1132 399 1195 29.
421 1130 455 1193 In
478 1132 595 1197 Nieeno
619 1138 752 1200 coneilio
773 1159 851 1200 unns
866 1138 1054 1220 Paphnutius
1077 1139 1209 1203 coneilio

286 1214 406 1292 restitit,
421 1234 487 1278 ,nee
510 1223 612 1280 tamen
636 1222 692 1282 tuit
713 1222 901 1300 combustus,
924 1222 979 1283 sed
1002 1222 1152 1286 laudatus.

347 1298 395 1361 30.
424 1296 459 1360 In
489 1300 719 1366 constantiensi
751 1304 812 1367 duo
834 1306 1016 1387 Paphnutii,
1047 1306 1209 1387 Scripturis

285 1380 408 1523 sumpti,
443 1384 639 1467 restiterunt,
667 1406 726 1449 nee
758 1394 861 1451 tamen
890 1395 962 1451 sunt
994 1389 1126 1472 laudati,
1154 1390 1209 1454 sed

285 1480 355 1522 eom
379 1465 450 1525 uati.
682 1478 688 1487 “

284 1660 518 1743 Disputatio
555 1667 774 1729 Ciraularis
813 1668 994 1735 habenda
1058 1671 1210 1734 roxima

283 1745 382 1806 feri‘a
417 1758 549 1833 sexta,
590 1750 844 1915 prappietpguppe
873 1751 911 1815 D.
943 1690 1110 1815 Massiua
1143 1752 1208 1813 Lu·
1282 1802 1285 1805 .

548 1966 639 2029 Anno
664 1967 704 2034 M.
725 1968 763 2033 D.
785 1968 939 2031 XXXVII.

692 2102 800 2165 Utrum

370 2239 398 2299 1.
420 2236 532 2319 Homo,
556 2238 608 2317 qui
630 2237 703 2301 feeit
725 2256 856 2301 eoenaru
889 2258 1050 2321 magnam,
1072 2240 1207 2301 invitatis

285 2320 392 2380 omnia
413 2322 566 2399 paraverit
586 2320 625 2381 ad
651 2321 877 2395 eomedeudum
898 2322 1014 2404 gratis?
1077 2369 1080 2377 .

367 2406 395 2466 2.
420 2402 567 2483 Christus,
592 2405 643 2483 qui
665 2422 721 2485 par
742 2406 890 2487 seipsum
911 2406 986 2467 feeit
1006 2424 1135 2467 ananam
1158 2425 1206 2466 ss-

210 2546 219 2563 ,
285 2494 392 2546 ternae
414 2486 533 2567 salutis,
556 2488 674 2551 voeatis
696 2508 752 2569 per
773 2490 970 2571 evangelium
984 2490 1089 2552 omnia
1104 2490 1210 2552 tribuit

181 2586 186 2601 ·
284 2569 391 2650 gratis.

367 2654 397 2715 3.
426 2652 484 2727 Qui
507 2659 624 2715 vestem
647 2656 818 2736 nuptialem
840 2656 1018 2738 intelligunt
1038 2656 1208 2738 santam,

284 2735 408 2797 tolerari
430 2743 575 2816 possunt,
600 2737 694 2800 modo
716 2756 780 2799 uon
801 2740 936 2800 sentiant
956 2759 1013 2819 par
1034 2757 1103 2801 eam
1125 2741 1209 2800 iusti·

284 2818 370 2881 tieari
392 2820 547 2881 invitatos.
873 2837 876 2843 ’

346 2903 376 2965 4.
398 2901 465 2963 Etsi
485 2902 564 2965 iuste
586 2901 748 2965 damnatur
770 2910 909 2981 venatus,
930 2902 1015 2982 quod
1035 2922 1100 2964 nan
1114 2904 1208 2965 habat

284 2991 402 3047 vestem
424 2986 576 3064 caritatis,
597 2992 699 3047 temen
721 2988 765 3066 is,
792 2988 845 3066 qui
865 2985 973 3065 habet,
995 3005 1058 3047 nun
1080 3004 1136 3067 par
1157 2987 1208 3047 vel

285 3077 412 3149 propter
434 3088 501 3129 eam
523 3069 713 3133 iustificetur.

367 3156 396 3216 5.
426 3152 553 3215 Fruutus
586 3160 633 3213 est
658 3154 796 3215 'iustitiae
824 3154 950 3232 sanas,
983 3171 1047 3213 non
1081 3152 1207 3230 iustitia,

284 3235 342 3295 nisi
364 3235 519 3316 inceptam
538 3235 671 3314 dixeris,
702 3254 781 3316 quae
808 3238 882 3315 quia
903 3238 1023 3317 impura
1044 3242 1076 3297 et
1095 3238 1208 3316 imper·

255 3350 268 3373 .
283 3318 365 3378 fecta
387 3324 443 3395 est,
465 3318 521 3381 sub
543 3320 726 3400 ignoscente
748 3319 958 3381 misericordis
978 3324 1067 3401 grata
1086 3326 1144 3380 est.

368 3404 397 3467 6.
419 3400 523 3481 Fides,
546 3420 704 3483 quaestus
727 3403 827 3465 induit
841 3404 962 3478 'iustitis
983 3403 1112 3482 Christi,
1135 3421 1207 3463 vere

284 3484 429 3564 nuptialis
452 3486 546 3547 vestis
571 3492 632 3564 est,
662 3492 693 3547 et
720 3506 855 3568 operosa
882 3494 930 3548 est
956 3507 1012 3568 per
1038 3487 1207 3564 ueritatem,

283 3585 339 3627 seu
360 3568 433 3629 feeit
455 3587 551 3649 upera
573 3570 719 3632 artatis.
764 3647 767 3653 .
807 3576 811 3587 ’

286 3756 708 3769 --——-—-·--—-·—-——--

357 3895 388 3959 *)
414 3893 445 3949 In
475 3894 517 3949 ad.
552 3895 620 3951 1558
650 3895 775 3949 additum
806 3901 862 3949 est:
909 3894 952 3947 De
978 3909 1066 3948 coena
1094 3911 1206 3965 magna.

282 3966 388 4019 'sextus
414 3974 508 4021 noster
531 3968 664 4036 repetitus
689 3972 732 4020 est
762 3983 797 4020 ex
816 3967 858 4021 ad,
881 3967 959 4034 ¹538,
982 3966 1044 4020 coli.
1064 3966 1106 4020 sd.
1129 3967 1205 4021 1558.

283 4038 404 4101 (walch.
424 4037 489 4092 ΧΙΧ
508 4053 535 4107 p.
549 4039 607 4149 Ι109
627 4045 654 4093 et
674 4038 771 4107 1781J2
926 4107 995 4173 27*
