3159 4792
1225 322 1411 334 -m—-w--q

697 530 732 585 de
750 528 812 584 fido
1163 524 1226 593 383

307 720 377 777 loro
398 716 472 795 Dei,
500 722 534 777 ei
550 717 671 777 initium
688 723 847 777 omiumo
867 716 942 796 Dei,
980 717 1031 796 qui
1054 736 1112 777 uos
1131 716 1225 778 verbo

307 818 364 865 ouo
388 800 496 860 volens
517 802 632 879 genuit.
903 849 905 852 .

312 936 318 945 .
371 884 421 947 69.
444 880 518 957 Quis
531 890 632 943 autom
651 882 819 957 l'oroihano
831 882 1063 964 blasphemiam,
1085 890 1119 943 ut
1132 903 1227 963 opera

307 972 416 1026 nostra
439 986 496 1027 nos
518 974 639 1042 creent,
661 966 767 1026 velut
788 968 881 1025 nimus
904 985 1031 1045 operum
1054 975 1225 1027 nostrorum

307 1056 476 1109 oroolurao.

370 1135 418 1197 70.
440 1132 527 1193 Tuno
548 1132 656 1193 lioerel
676 1131 907 1192 dioeio-oootro
929 1132 1128 1212 proplietam:
1161 1134 1226 1194 Nos

307 1215 368 1294 ipsi
390 1216 517 1275 looimos
543 1234 611 1292 nos,
633 1223 666 1274 et
686 1234 749 1275 non
773 1216 857 1275 Deus
879 1216 952 1275 feoit
971 1234 1040 1276 nos.
1064 1230 1068 1237 ‘

370 1302 419 1361 71.
442 1296 541 1372 Quom
553 1298 763 1377 blasphemum
774 1299 867 1379 igitur
888 1307 936 1358 ool
949 1298 1059 1375 diome,
1081 1301 1226 1380 seipsum

308 1400 378 1441 esse
401 1384 446 1441 oui
468 1382 563 1460 ipsius
585 1382 700 1460 Deum,
740 1388 910 1442 creatorem
934 1400 988 1442 sou
1015 1391 1225 1462 gonomntom,

307 1472 370 1525 lam
395 1462 605 1545 blasphemum
628 1472 676 1525 est
696 1465 758 1525 ouis
780 1464 924 1544 oporibus
947 1465 1111 1527 iustificari.

553 1681 731 1745 Secunda
752 1681 984 1765 disputatio.

701 1841 748 1903 De
769 1840 849 1925 lege.

335 1979 437 2041 Homo
460 1980 638 2043 iustifioatur
660 1981 737 2063 fide,
758 1981 876 2063 absque
898 1984 1041 2065 operibus
1063 1984 1198 2069 logis*).

393 2125 421 2184 l.
444 2121 634 2183 Arbitromur
655 2122 810 2185 hominem
832 2124 987 2188 iustificari
1010 2124 1089 2206 ode,
1110 2128 1227 2208 absque

311 2204 457 2285 operibus
479 2204 567 2285 legio.

393 2288 421 2351 2.
443 2286 546 2368 Opera
565 2288 643 2369 logis
670 2293 953 2371 necessarimm,
977 2311 1055 2372 quoe
1078 2304 1227 2358 vooonlur

309 2372 419 2431 merito
441 2390 496 2431 seu
518 2372 635 2451 optimo
656 2390 761 2453 opero.

392 2456 420 2517 3.
442 2454 566 2535 Alioqui
591 2454 662 2535 quid
685 2463 768 2517 esset
788 2456 917 2529 sentire,
944 2456 1100 2522 hominem
1123 2460 1226 2521 iuolili-

308 2538 370 2597 oari
393 2538 459 2597 sine
482 2536 624 2617 operibus
647 2538 758 2599 molis?

394 2622 424 2682 4.
447 2620 558 2681 Paulus
578 2621 712 2703 loquitur
739 2622 778 2683 de
803 2622 874 2705 lege
901 2623 1081 2704 simpliciter
1109 2634 1140 2688 et
1163 2618 1224 2687 uniss

308 2702 479 2778 imminet,
502 2706 635 2765 maxime
659 2703 697 2766 de
720 2706 828 2766 morali
850 2726 905 2767 seu
926 2706 1090 2789 decalogo.

392 2790 420 2850 5.
443 2784 501 2861 Qui
525 2806 599 2848 vero
621 2795 731 2867 putant
756 2808 826 2852 eum
854 2788 893 2849 do
914 2794 1112 2853 oeremonioli
1131 2794 1225 2875 loqui,

306 2876 374 2931 loto
399 2870 489 2931 ooelo
512 2878 623 2931 errant.

390 2956 418 3017 6.
442 2954 531 3014 Olore
554 2955 635 3014 enim
647 2954 761 3035 allegat
771 2955 874 3035 legem
886 2954 1035 3016 moralem
1057 2974 1124 3035 oop.
1147 2955 1222 3039 7:¹)

306 3036 597 3117 Oonoupisoootiom
619 3038 795 3099 neseiobom
808 3044 967 3118 peoootum
991 3056 1070 3115 esse,
1092 3040 1150 3098 nisi
1173 3040 1226 3099 lox

305 3119 432 3195 moeret,
454 3118 527 3181 lion
546 3122 757 3202 oonoopiooes.

390 3208 425 3266 7.·
441 3203 481 3263 Et
502 3211 607 3284 operto
622 3204 757 3285 disputat
769 3203 808 3265 de
827 3210 958 3285 peoooto
973 3210 1004 3264 el
1016 3211 1115 3265 morto
1130 3206 1224 3266 totius

306 3285 427 3363 mundi,
460 3306 515 3366 por
544 3286 695 3347 Christum
728 3286 884 3366 salvandi,
913 3287 996 3347 Reus
1025 3290 1065 3349 sit
1088 3290 1220 3368 (inquit)

306 3378 390 3429 lotus
414 3370 546 3429 mundus
566 3371 654 3447 De0‚
676 3373 747 3450 quio
769 3391 808 3431 ex
831 3368 974 3451 operibus
996 3371 1075 3453 logis
1097 3392 1160 3432 non
1182 3374 1224 3431 iu·

304 3451 454 3513 stificatur
476 3453 554 3513 ullus
577 3454 680 3517 homo.

386 3535 415 3601 8.
438 3537 659 3597 Ooremoniolis
680 3538 732 3597 lox
753 3543 855 3597 oulom
880 3536 981 3597 solum
1001 3555 1126 3617 parvom
1149 3556 1215 3617 por·

305 3618 429 3680 lioolom
454 3620 557 3681 mundi
582 3624 675 3701 (puto
696 3619 845 3703 ludaeos)
869 3623 976 3682 tenuit

279 3950 282 3955 ·
380 3924 405 3989 l)
425 3922 456 3975 In
476 3924 518 3978 ed.
538 3924 621 3979 1558:
641 3922 721 3975 Rom.
742 3936 802 3989 cap.
821 3921 848 3977 7.

379 3995 409 4063 *)
431 3992 506 4049 Haeo
523 3996 679 4065 inscriptio:
698 3992 788 4049 Homo
801 3997 852 4047 eto.
862 3990 979 4061 repetita
990 3996 1031 4045 eet
1050 4006 1087 4045 ox
1098 3989 1141 4045 ed.
1154 3991 1223 4049 1558

302 4072 330 4119 et
347 4066 393 4161 od.
411 4066 474 4122 Jen.
