3159 4792
365 492 430 561 398
518 444 523 457 ⁸
677 498 832 570 mintius
850 502 884 561 D.
903 504 937 561 a.
954 504 983 564 Iu

524 714 615 777 Alia
635 718 866 801 Disputatio
883 719 914 803 ¹)
938 722 974 784 D.
998 724 1036 784 u.
1060 722 1142 806 L.²)

369 832 407 895 de
429 833 483 895 illo
506 834 576 896 Lue.
590 842 648 897 ste.
672 836 746 899 VII:
761 836 961 902 Dimittuntur
982 840 1011 901 ei
1031 848 1164 923 peceato
1183 842 1289 917 multa,

610 920 756 999 quoniam
780 920 889 985 dilexit
911 922 1050 991 multum.

674 1002 714 1065 n.
737 1002 773 1066 n.
796 1004 977 1090 xxxva).

450 1162 523 1225 Tria
544 1172 615 1225 sunt
636 1166 666 1229 in
690 1169 750 1229 isto
773 1168 856 1248 loeo,
879 1190 958 1250 quae
979 1171 1143 1257 prohibent
1162 1174 1288 1249 sentire,

369 1246 452 1325 quod
494 1249 634 1309 remissio
668 1260 866 1333 peccatorum
893 1256 1074 1341 impetretur
1111 1256 1288 1333 dilectione

371 1349 426 1390 seu
449 1330 603 1410 operibus.

454 1418 481 1477 t.
505 1406 637 1475 Primum
666 1424 713 1479 est
747 1419 799 1479 illa
834 1420 987 1482 sententia
1017 1418 1127 1479 Christi
1156 1418 1196 1479 ad
1226 1439 1287 1479 rnu-

369 1492 489 1557 lierem:
513 1496 603 1557 Fides
620 1506 670 1559 tua
687 1506 717 1559 te
732 1501 849 1561 salvam
862 1500 945 1577 fecit,
968 1522 1030 1562 non
1049 1502 1139 1562 dioit:
1153 1500 1286 1563 Dilectio
1402 1491 1403 1546 i

369 1584 474 1641 tuate
496 1580 613 1643 salvam
636 1582 719 1645 tacit.

451 1666 480 1727 2.
503 1662 676 1725 Ridiculum
700 1686 773 1727 vero
799 1674 855 1744 est,
877 1666 1003 1729 verbum
1017 1666 1131 1729 Christi
1152 1667 1288 1728 humana

368 1748 540 1807 temeritate
555 1748 599 1807 sie
617 1753 777 1828 torquere:
800 1749 891 1811 Fides
907 1771 963 1831 per
980 1752 1138 1811 ear-itatem
1155 1750 1288 1810 formata

369 1828 487 1889 salvam
509 1837 540 1890 te
560 1830 642 1893 seuit.

451 1914 479 1976 3.
501 1912 596 1989 Quasi
609 1912 745 1975 Christus
767 1934 829 1982 nou
847 1916 1007 1994 potuisset,
1030 1916 1055 1976 si
1078 1914 1110 1974 id
1126 1913 1285 1993 voluisset,

368 1991 563 2055 dilectionem
586 1994 716 2077 addere,
741 1996 889 2059 dioendo:
918 1998 1009 2061 Fides
1031 2006 1063 2059 et
1084 1996 1211 2059 dileetio
1235 2007 1286 2060 tua

370 2084 400 2137 te
421 2078 538 2139 salvam
560 2078 707 2143 feserunt.

450 2163 478 2223 4.
502 2158 569 2223 Imo
593 2160 631 2223 ds
654 2162 804 2223 industrio
821 2170 903 2225 taust
918 2163 957 2225 de
970 2163 1137 2226 dilectione
1159 2160 1198 2223 ad
1223 2182 1285 2223 mu·

368 2243 473 2305 lierem
496 2242 637 2325 loquens,
661 2254 692 2308 et
713 2246 813 2307 solam
836 2246 927 2309 tidem
952 2245 1121 2329 praedicat.

451 2332 480 2393 5.
504 2327 589 2389 Siout
610 2337 737 2391 econtra
756 2328 857 2389 studio
881 2337 963 2391 tacet
984 2330 1023 2391 de
1044 2329 1106 2391 fide
1127 2328 1167 2389 ad
1181 2328 1285 2389 Phari·

369 2430 473 2471 saeum
497 2411 636 2491 loquens,
659 2420 690 2474 et
712 2410 811 2473 solam
833 2410 1031 2478 ditectionem
1053 2413 1222 2495 praedicat

452 2497 480 2557 6.
503 2494 597 2575 igitur
626 2494 750 2557 firmiter
777 2497 943 2557 tenendum
974 2505 1005 2558 et
1035 2494 1206 2579 urgendum
1229 2503 1285 2574 est,

368 2582 477 2636 eontra
492 2577 647 2638 diabolum
672 2582 702 2639 et
718 2598 827 2647 omnes
840 2580 1045 2669 cogitationes
1060 2582 1136 2659 eius,
1158 2578 1287 2656 seilicet,

369 2658 443 2800 Colla
471 2658 531 2719 fide
563 2668 635 2723 ante
666 2660 862 2723 dilectionem
897 2663 991 2725 tuisse
1023 2664 1141 2726 salvam
1174 2662 1286 2727 factam

370 2761 537 2805 mutarem.
1121 2788 1130 2806 .

451 2828 481 2891 7.
504 2826 677 2889 Secundum
702 2834 748 2889 est
769 2827 896 2890 alterum
923 2829 1048 2890 verbum
1077 2828 1207 2890 Christi:
1231 2828 1287 2889 Cui

371 2910 470 2970 minus
492 2909 660 2989 dimittitur,
684 2913 783 2971 minus
807 2911 914 2991 diligit.

449 2995 478 3058 8.
501 2993 571 3069 Quo
596 2994 691 3056 verbo
715 2993 833 3073 definit,
854 2995 1066 3055 remissionem
1086 3002 1286 3077 peecatorum

366 3096 435 3136 esse
463 3084 534 3137 ante
566 3076 783 3155 ditectionem,
819 3085 850 3137 et
887 3077 968 3138 hans
994 3079 1081 3159 sequi
1115 3078 1153 3140 ad
1182 3080 1289 3157 remis·

368 3156 488 3219 sionem
510 3162 723 3240 peecatorum,
752 3170 896 3241 tauquam
919 3161 1136 3243 gratitudinem
1159 3180 1217 3243 pro
1240 3180 1289 3221 ao-

368 3249 459 3323 oepto
483 3241 579 3305 douo.

453 3328 481 3389 9.
504 3324 574 3387 Non
597 3327 678 3389 enim
701 3325 854 3387 hiodioit:
875 3326 975 3387 Minus
994 3325 1154 3389 dimittitur
1176 3327 1215 3404 ei,
1237 3328 1289 3406 qui

441 3544 469 3607 1)
488 3542 563 3596 Haeo
588 3542 737 3610 disputatio
765 3539 915 3609 separatim
941 3554 1046 3591 excusa
1069 3540 1210 3590 invenitur
1236 3538 1289 3589 sub

368 3615 423 3668 hoo
441 3615 536 3668 titulo:
568 3614 610 3668 De
634 3614 684 3666 ilto
712 3614 806 3666 Lucae
825 3611 884 3667 Vll.
903 3610 1084 3663 Dimittuntur
1113 3610 1142 3660 Ei
1176 3610 1291 3661 Peocata

367 3686 467 3755 Mults,
499 3688 636 3752 Quoniam
667 3686 765 3739 diluxit
792 3685 916 3736 htultum.
949 3682 1108 3749 Disputatio
1128 3680 1162 3734 D.
1190 3682 1289 3732 Mart.

368 3759 507 3810 Luthar.
535 3757 774 3825 (Vittembergue)
806 3753 978 3807 uoxxxvl.
1002 3754 1027 3809 8.
1068 3753 1196 3821 (Panuer.
1217 3752 1290 3803 Anu.

367 3833 425 3895 typ.
445 3828 493 3894 IX,
513 3828 580 3893 99);
600 3831 758 3899 germanice
778 3830 885 3895 legitur
906 3829 934 3877 in
954 3825 1071 3877 Wulchii
1107 3824 1198 3878 ollect.
1217 3822 1290 3891 Opp.

368 3898 445 3952 tum.
464 3900 495 3953 T.
518 3899 573 3952 VII.
593 3918 620 3968 p.
644 3901 684 3956 18.
709 3900 774 3955 133²
795 3898 860 3951 ooli.
880 3898 911 3949 Τ.
931 3896 993 3949 xlx
1013 3899 1061 3965 p.t
1104 3937 1110 3949 .
1147 3894 1226 3962 2)1n
1246 3896 1291 3947 ed.

368 3970 512 4024 153811011
536 3971 652 4039 legitur:
675 3970 710 4025 D.
729 3972 763 4022 u.
784 3970 811 4021 L.
853 3970 887 4034 3)
908 3968 958 4021 Hic
977 3984 1109 4021 numerus
1129 3969 1194 4019 anni
1213 3966 1293 4019 deest

368 4042 397 4093 in
415 4040 458 4093 ed.
480 4042 555 4097 1558.
