3159 4792
315 490 336 550 4
399 452 404 457 ⁴
626 458 629 461 Δ
705 488 830 559 spretor·

316 674 452 735 omnium
475 673 767 747 maximedeclarst,
789 670 875 753 quod
895 679 985 733 natus
1008 672 1081 734 olim
1104 673 1134 733 in
1158 678 1239 733 terra

317 756 485 818 Bohemiea
510 754 625 841 (terra,
652 758 794 837 inquam,
828 757 1053 837 superstitionis
1075 774 1113 817 ae
1135 755 1238 816 nonin·
1281 816 1286 832 ,

315 842 411 901 sionis
423 840 651 921 Babylonicae)
674 859 731 920 pro
744 839 867 902 modico
881 839 1014 919 duxeris,
1036 857 1239 920 regenerasse

305 923 436 985 ,christo
472 932 616 1004 parentes
637 932 707 985 tuos
731 924 886 1001 carnales,
919 930 1011 1003 teque
1045 922 1135 983 simul
1169 940 1238 982 eum
1276 963 1281 967 -

315 1006 376 1066 iilis
398 1027 418 1067 a
432 1009 539 1087 patriis
562 1007 737 1068 vindicasse
759 1007 932 1086 erroribus3
953 1008 1011 1067 nisi
1028 1007 1127 1086 ipsam
1145 1006 1238 1066 etiam

315 1091 464 1170 patriam,
493 1110 531 1151 ac
551 1097 649 1151 totum
673 1090 777 1152 orbem
805 1091 889 1150 illurn
912 1090 1111 1151 Bohemicnm
1136 1086 1241 1173 (velut

316 1173 395 1233 aiter
418 1172 540 1252 quidam
562 1174 728 1255 Hercules)
754 1174 931 1236 domesticis
958 1192 1124 1253 repurgare
1154 1190 1239 1231 mon·
1345 1209 1347 1213 f

315 1256 385 1315 stris
408 1256 596 1336 Christoque,
626 1257 806 1319 lucrifacere
828 1264 1001 1337 satageres,
1025 1253 1239 1331 declamando,

316 1339 485 1417 hortando,
508 1340 720 1420 obsecrando,
743 1360 780 1401 ao
801 1338 1007 1420 increpando,
1030 1338 1124 1418 idque
1145 1337 1238 1419 paulo

316 1424 435 1483 minore
456 1423 623 1502 aliquando
639 1423 671 1505 ¹)
690 1424 847 1505 periculo,
871 1442 909 1485 ac
932 1422 1042 1483 Paulus
1066 1422 1139 1483 olim
1161 1422 1238 1501 ipsc.

401 1505 462 1566 aed
486 1508 558 1566 vicit
580 1508 701 1567 demum
725 1509 821 1568 virtus
852 1505 1015 1584 invidiam,
1044 1512 1136 1583 atque
1159 1503 1239 1564 adeo

317 1588 441 1667 quidem
463 1590 650 1669 praevaluit,
681 1596 715 1649 ut
736 1596 877 1670 spectato
900 1590 992 1650 toties
1015 1588 1082 1649 zelo
1104 1588 1240 1667 paterni-

315 1674 386 1732 tatis
408 1680 480 1732 tuae
500 1691 563 1733 non
586 1672 669 1749 ficto,
692 1692 811 1733 summa
823 1672 946 1734 tandem
959 1672 1238 1734 ecclesiasticarum

313 1774 414 1815 rerum
438 1756 726 1835 (quantulacunque
760 1758 830 1817 istie
861 1764 909 1816 est
940 1756 1076 1833 reliqua)
1108 1760 1237 1832 totaque

314 1838 572 1914 administratoria
606 1840 661 1900 illa
700 1839 833 1919 dignitas
867 1840 918 1898 uni
956 1838 1011 1897 tibi
1054 1836 1241 1898 demandata

315 1921 414 1981 inerit.
455 1922 514 1981 Ubi
535 1924 566 1981 in
589 1922 703 1982 mundo
736 1923 798 1983 hoc
820 1929 872 1982 tuo
895 1920 1080 2000 Bohemioo,
1118 1919 1241 1998 nimbis,

269 2066 272 2073 ,
317 2004 550 2084 tempestatibus
582 2014 613 2065 et
640 2007 727 2085 aquis
759 2006 826 2065 istis
850 2004 1103 2065 contradictionis
1128 2002 1241 2079 (veluti

317 2087 506 2167 cataclysmo
529 2087 682 2170 quodam)
706 2088 895 2167 inundante,
918 2089 1094 2167 apertisque
1120 2086 1242 2147 maiori·

315 2171 373 2231 bus
395 2171 426 2229 in
449 2170 515 2229 dies
549 2190 686 2231 errorum
723 2172 885 2235 cataractis
919 2173 951 2230 in
965 2190 970 2197 ·
984 2168 1167 2250 profundum
1191 2168 1242 2229 de·
1325 2201 1326 2204 ¹

317 2252 501 2330 scandente,
530 2260 578 2333 tu,
606 2261 751 2334 tanquam
788 2256 867 2315 alter
889 2254 994 2333 Noah,
1028 2254 1134 2329 Pater,
1172 2270 1240 2313 cnm

318 2338 424 2416 paucis
446 2336 612 2410 admodum
643 2340 730 2398 iustis
754 2338 970 2417 Christumque
1001 2335 1242 2418 agnoscentibus

318 2439 417 2479 arcam
439 2421 523 2480 illam
548 2423 725 2501 mysticam,
747 2422 808 2483 hoc
830 2428 893 2499 est,
929 2420 1092 2483 ecclesiam
1116 2418 1172 2479 Dei
1195 2438 1241 2479 sa-

319 2512 510 2563 crosanctam
537 2511 634 2582 [quae
666 2508 753 2565 iuxta
774 2505 959 2565 catholicum
985 2510 1016 2564 et
1037 2503 1241 2585 apostolicum

317 2587 418 2663 ritum,
441 2588 506 2647 sive
527 2587 591 2647 fato
614 2588 759 2668 quodam,
782 2590 848 2648 sive
869 2593 1081 2669 patronorum,
1104 2593 1135 2645 et
1154 2604 1242 2665 prae·

318 2670 407 2749 cipue
445 2669 508 2729 divi
531 2671 715 2734 Vuenoeslai
738 2670 896 2751 precibus,
929 2672 1009 2730 inter
1042 2676 1088 2730 tot
1116 2670 1242 2749 piratas,

317 2753 387 2812 istie
408 2752 509 2813 adhuc
530 2751 673 2829 fluctuat)
697 2753 772 2815 fidei
794 2754 882 2815 clavo
906 2752 1057 2833 intrepide
1077 2752 1239 2833 gubernas.

400 2836 525 2897 Utinam
553 2843 645 2916 atque
674 2838 788 2898 utinam
825 2836 889 2897 filia
916 2836 1085 2917 Babylonis
1119 2836 1241 2910 misera,

318 2919 380 2978 hoc
402 2926 459 2999 est,
480 2920 586 2979 infelix
607 2920 660 2980 illa
683 2929 794 2981 tuaac
822 2920 994 2981 errabunda
1017 2919 1180 2998 Bohemia,
1210 2926 1242 2979 te

318 3004 498 3083 remigante,
518 3023 557 3063 ex
575 3010 625 3064 -tot
646 3004 781 3084 scopulis
805 3011 836 3065 et
846 3004 991 3084 procellis
1013 3004 1044 3063 in
1067 3010 1164 3063 tntum
1188 3002 1242 3061 ali-

318 3086 441 3166 quando
465 3094 587 3167 portum
610 3106 645 3146 se
665 3088 803 3169 recipiat.
847 3087 971 3148 Utinam
993 3084 1118 3145 tandem
1141 3085 1242 3163 sapiat

319 3178 352 3231 et
371 3170 534 3248 intelligat,
557 3178 619 3230 tum
643 3172 812 3231 novissima
833 3169 1000 3249 providens
1022 3167 1240 3229 adDominum

319 3254 417 3313 Deum
440 3272 528 3311 suum
550 3260 747 3314 convertatur
768 3274 806 3315 ao
827 3254 941 3315 redeat.
987 3251 1134 3327 Quisnam
1162 3250 1242 3330 proh

319 3336 417 3395 Deum
439 3336 645 3397 immortalem
668 3337 719 3397 hic
742 3340 843 3398 viscus
858 3343 905 3397 est
927 3336 1006 3397 adeo
1021 3354 1118 3414 usqne
1141 3352 1242 3411 euax,

319 3438 380 3498 quo
412 3419 491 3479 illita
525 3426 586 3479 tam
618 3420 725 3481 haeret
761 3418 980 3501 pertinaciter?
1017 3419 1177 3479 Aurumue
1211 3425 1243 3478 et

319 3502 501 3583 argentum?
540 3503 582 3564 At
603 3503 755 3563 Christum
792 3503 919 3565 audiant
951 3502 1121 3562 dicentem:
1161 3499 1242 3575 Quid

318 3585 446 3665 prodest
466 3585 593 3665 homini,
616 3588 641 3645 si
658 3587 804 3646 mundum
823 3590 998 3647 universum
1012 3586 1155 3662 lucretur,
1178 3584 1241 3644 ani·
1265 3613 1267 3617 ·

320 3688 389 3728 mae
412 3687 485 3728 vero
508 3689 582 3729 suae
616 3670 830 3741 detrimentum
863 3672 1005 3751 patiatur.
1054 3668 1243 3734 Libertasne,

320 3760 359 3812 an
381 3753 556 3832 perniciosa
578 3755 679 3834 potins
702 3753 854 3834 peccandi
876 3752 1023 3813 lieentia?
1052 3753 1094 3812 At
1116 3750 1244 3811 credant

319 3834 429 3896 saltem
451 3836 553 3916 Petro,
576 3839 628 3916 qui
648 3837 731 3897 Petri
753 3834 896 3897 diffidunt
916 3835 1158 3911 successoribus,
1179 3851 1241 3893 nou

527 3958 738 3967 --—--——-—-

391 4008 423 4075 1)
444 4008 473 4060 ln
493 4008 535 4062 ed.
556 4009 615 4062 Jen.
636 4008 706 4064 1556
724 4008 845 4077 legitur:
865 4006 1016 4075 aliquanto.
