3159 4792
371 524 438 593 294
701 527 778 579 Bulla
796 527 895 580 Leonis
915 526 945 579 ll.
1027 540 1038 559 ¹·

371 716 410 779 sd
439 736 498 777 uos
531 717 637 777 venire
663 714 810 793 voluerit,
845 713 986 795 quodni
1011 715 1108 795 magis
1136 713 1291 794 placeret)

372 820 440 861 cum
463 800 603 879 praefato
625 798 806 878 plenissimo
830 799 916 859 salvo
940 797 1110 873 conductu,
1138 816 1231 876 quem
1253 813 1294 857 ex

373 902 455 943 nuuc
476 882 690 957 concedimus,
713 881 900 953 deferenda,
923 900 981 943 uos
1003 882 1148 942 certiores
1172 880 1294 957 efficiat,

371 975 406 1027 ut
430 966 469 1025 de
504 966 568 1025 eius
598 984 671 1025 vera
705 965 882 1025 obedientia
914 964 1015 1025 nullus
1029 962 1063 1045 ο)
1095 964 1294 1025 dubitationis

373 1048 533 1127 scrupulus
554 1048 658 1109 valeat
679 1064 847 1110 remanere.

413 1129 449 1212 a)
474 1131 642 1191 Veritatem
665 1130 842 1211 praedicor-e
864 1136 949 1193 vetet
968 1131 1142 1192 Lutherum.
1186 1130 1297 1209 Neque
1406 1174 1407 1177 ,

413 1214 495 1273 enim
518 1216 670 1293 patientes
703 1215 767 1275 eius
797 1222 868 1275 sunt
889 1214 979 1275 Urbis
1007 1234 1124 1275 aureas
1150 1212 1211 1273 Sed
1242 1213 1294 1273 illo

413 1316 476 1356 non
522 1297 655 1375 parebit,
700 1306 864 1377 postquam
899 1297 996 1359 semel
1042 1299 1121 1357 viam
1158 1297 1296 1357 veritatis

414 1380 463 1439 ele
488 1382 519 1439 it.
1123 1438 1128 1446 ,

413 1460 451 1545 b)
466 1395 588 1522 g(lmuia
609 1467 773 1541 pertentat,
796 1470 836 1535 et,
859 1463 942 1542 quod
965 1464 1060 1540 aiunt,
1083 1480 1207 1523 curnem
1230 1482 1295 1522 mo-

413 1547 466 1608 vet
497 1544 649 1623 lapidem,
682 1553 715 1605 ut
743 1566 783 1606 ne
808 1566 905 1627 regno
935 1546 1068 1607 excidat.
1110 1546 1186 1605 Tam
1209 1546 1297 1605 iuviti

414 1629 580 1708 exiguntur
601 1630 731 1708 tyranni.

415 1714 451 1787 c)
476 1710 587 1771 Adbuc
608 1732 733 1771 movere
771 1713 848 1775 istos
883 1732 940 1773 nos
976 1719 1107 1773 terrores
1131 1712 1297 1787 existimat,

412 1812 478 1854 non
515 1795 619 1871 novit,
647 1795 828 1855 Germania
872 1802 1018 1875 quantum
1049 1796 1211 1855 immutata
1250 1794 1298 1873 sit,

413 1876 542 1936 discere.

416 1958 455 2033 d)
479 1958 616 2035 Vereor,
638 1978 698 2037 quo
722 1958 842 2022 evadat.

415 2042 452 2117 e)
475 2041 525 2100 Dii
545 2042 751 2118 immortales,
784 2049 930 2120 quantum
958 2043 1109 2104 bonorum
1139 2043 1298 2104 hominum
1406 2090 1407 2093 ,

413 2124 544 2184 Romam
573 2131 679 2199 vocat,
713 2144 774 2183 uon
805 2127 907 2205 capiet
929 2124 1035 2189 Urbs„
1062 2125 1123 2187 Sed
1153 2133 1185 2185 tu
1218 2126 1299 2204 vide,
1406 2144 1407 2153 ²

414 2206 497 2284 Leo,
535 2214 627 2268 nete
650 2226 760 2269 oneres
782 2207 953 2288 hospitibus
976 2210 1065 2269 nimis
1089 2208 1209 2286 multis,
1251 2228 1299 2268 ms

416 2288 539 2368 quidem
561 2291 587 2350 si
609 2290 735 2351 audient
756 2292 819 2368 alii,
840 2292 998 2351 veniemus
1020 2292 1074 2352 tibi
1406 2344 1407 2359 ,

415 2372 444 2444 f)
474 2372 608 2432 Domine
656 2374 764 2450 Deus,
814 2374 1019 2453 possederunt
1068 2394 1125 2434 nos
1173 2374 1328 2434 Domini,
1406 2418 1407 2459 3

417 2454 535 2534 absque
577 2464 624 2532 te,
667 2463 784 2515 tautum
823 2458 854 2515 in
892 2461 923 2517 te
960 2456 1157 2519 recordemur
1203 2458 1301 2518 uomi-
1406 2460 1407 2473 ¹

415 2537 464 2596 nis
491 2538 544 2598 tui.
1317 2582 1333 2593 .

414 2622 452 2697 g)
477 2618 547 2677 Nou
562 2621 637 2679 satis
660 2619 775 2679 dierum
800 2628 855 2699 est,
879 2618 1015 2699 Decime,
1037 2622 1215 2702 podagricis
1239 2624 1302 2701 qui·
1406 2654 1407 2697 4

414 2699 542 2759 busdam
567 2708 596 2761 et
618 2702 707 2762 aliter
729 2704 899 2779 morbosis,
923 2706 974 2784 qui
995 2706 1036 2765 in·
1049 2704 1166 2766 lecticis
1189 2705 1301 2784 udpor·
1406 2724 1407 2765 4

415 2783 500 2842 tandi
522 2790 608 2860 sunt,
631 2804 669 2845 ee
689 2785 750 2845 illis
773 2788 864 2847 etiam
889 2788 1062 2868 decrepitis,
1085 2788 1137 2865 qui
1160 2788 1300 2867 tripodes

415 2865 623 2929 ambulabunt.

415 2948 455 3023 h)
480 2948 655 3011 Obtinuisti.
699 2950 826 3030 Ardent,
849 2952 956 3013 sedin
979 2951 1121 3013 cordibus
1136 2952 1300 3029 bonorum,

417 3049 436 3091 o
458 3033 664 3111 perniciosum
688 3034 741 3095 tibi
763 3035 955 3113 incendium,
981 3036 1042 3097 iam
1065 3036 1249 3116 exstingue,
1277 3039 1301 3097 si

436 3121 514 3174 otes.
823 3136 830 3148 ¹

414 3134 443 3271 l)
468 3197 641 3259 Revooabit
663 3208 693 3259 et
714 3202 909 3279 reclamabit,
932 3220 1032 3280 nequa
1054 3220 1190 3281 unquam
1213 3222 1299 3283 repe·
1406 3190 1407 3195 ἵ

336 3350 339 3354 7
414 3288 478 3337 tere
500 3281 633 3341 cessabit
648 3284 784 3345 veritatis
806 3284 941 3361 verbum,
958 3304 998 3345 ne
1019 3302 1079 3363 qua
1091 3283 1167 3343 illud
1181 3284 1297 3347 oblivio

412 3362 553 3439 perimat.

413 3441 584 3585 kt)lilaute.
657 3444 687 3530 l)
710 3448 743 3507 Id
766 3455 829 3527 est,
868 3450 898 3511 in
921 3450 1021 3511 forma
1051 3468 1195 3511 camerae
1223 3470 1299 3531 apo-

413 3546 428 3584 s
442 3544 461 3586 o
475 3546 551 3589 icae.

414 3613 462 3683 m)
485 3609 713 3687 Transmittet,·
733 3615 758 3673 si
780 3634 830 3675 me
852 3582 979 3693 audiet,
998 3620 1031 3676 nt
1052 3613 1157 3676 videas
1180 3634 1296 3697 magno

413 3710 481 3751 cum
506 3692 614 3754 dolore
636 3701 700 3756 tuo.

399 3776 451 3848 n)
475 3774 562 3835 Tunc
587 3776 851 3855 enim.liceret1)
888 3779 1062 3843 interficere
1088 3781 1141 3842 tibi
1174 3781 1295 3862 praedi·
1406 3776 1407 3779 '

443 4032 475 4101 1)
494 4034 527 4087 In
546 4036 611 4091 edit.
629 4038 755 4093 llllneh.2
774 4040 847 4094 licet.
