3159 4792
546 486 658 543 astruo
674 486 710 544 B.
727 487 807 579 lert.
825 488 946 545 botheri.
1173 486 1216 555 39

299 674 352 735 hae
370 672 521 735 industris
540 673 751 753 quaerebant?
793 672 928 753 Nempe,
962 692 1031 734 oum
1053 690 1142 751 mum,
1164 674 1216 755 qui

301 757 337 817 sit
356 758 420 817 iure
443 756 548 818 divino
571 758 726 836 superior,
747 776 811 817 uon
837 756 929 819 lioeat
950 756 1100 835 iudieare,
1122 757 1215 820 refor-

299 859 392 918 mare,
424 838 589 900 emendare
614 842 665 916 (ut
686 840 851 914 sentiunt),
887 841 948 901 iam
983 837 1144 919 quodlibet
1163 860 1215 901 au-

297 922 383 983 dendi
405 924 437 983 in
461 922 603 984 omnibus
625 930 768 1004 regnaret
789 929 947 1003 potestas,
979 924 1058 983 sieut
1080 930 1128 982 est
1149 921 1215 983 dies

298 1004 384 1085 haee,
417 1008 577 1085 staretque
608 1006 641 1065 in
674 1006 808 1067 ecelesia
828 1006 885 1065 Dei
922 1004 1108 1067 horrendum
1130 1004 1216 1083 illud,

299 1096 328 1149 ut
346 1088 444 1150 Ossae
467 1087 556 1167 dioit,
588 1096 621 1149 et
640 1089 831 1150 abominatio
858 1089 913 1149 illa
938 1090 969 1149 in
999 1089 1071 1149 loeo
1095 1095 1214 1167 saneto,

298 1171 417 1248 seilicet,
438 1171 480 1232 im
505 1173 591 1232 unita
602 1173 739 1251 nequitia
753 1179 784 1232 et
796 1172 946 1251 peeeandi
957 1190 1068 1232 secura
1080 1170 1215 1231 lieentia.

298 1253 361 1329 Qua
380 1253 452 1334 quid
474 1192 573 1331 deret,
595 1256 655 1315 nisi
677 1256 967 1316 eoelesisevastitas
989 1262 1022 1315 et
1034 1253 1215 1316 desolatio?

296 1337 356 1397 liae
377 1339 458 1398 enim
480 1344 651 1418 potestate,
673 1356 754 1418 quae
774 1337 815 1398 ad
836 1336 1086 1399 aedificationem
1109 1337 1213 1398 solum

297 1418 363 1480 data
394 1427 460 1499 ast,
493 1420 675 1483 molirentur
708 1420 793 1481 aliud
826 1420 902 1481 nihil
938 1440 1030 1499 quam
1077 1420 1215 1481 destruu-

297 1503 416 1564 tionem.
1179 1519 1181 1523 ’

371 1585 450 1647 Cum
472 1604 546 1647 vero
561 1605 618 1647 noe
640 1604 750 1647 ornnes
763 1584 897 1663 Christo,
918 1584 1017 1664 idest,
1038 1586 1162 1647 veritati
1184 1592 1216 1645 et

295 1669 421 1730 institiae
443 1669 513 1749 plus
535 1668 806 1751 debeamusquam
828 1666 882 1727 ulli
906 1668 1075 1744 hominum,
1098 1675 1214 1727 sertum

295 1758 339 1813 est
357 1752 472 1813 erranti
502 1757 535 1812 et
563 1752 659 1832 impio
689 1750 829 1831 pontifici
849 1750 1083 1830 praeferenda·
1106 1752 1217 1811 verita·

295 1841 350 1895 tem
371 1838 404 1897 et
424 1835 584 1896 iustitiam.
617 1835 719 1914 Atque
741 1836 785 1894 ite
800 1852 897 1913 penes
918 1852 1009 1911 quem
1031 1834 1122 1893 luerit
1137 1834 1216 1893 haee

296 1919 402 1979 reritm
424 1925 457 1979 et
478 1918 603 1996 iustitia,
625 1918 764 1978 Christus
777 1918 828 1977 hie
849 1917 990 1996 superior
1011 1923 1059 1976 est
1067 1914 1216 1997 postiflee

296 1999 444 2081 debetque
465 1999 603 2080 pontifiei
626 2009 689 2061 tum
711 2002 870 2075 resistere,
909 2007 971 2059 tum
995 2018 1064 2059 euim
1088 2018 1215 2059 monere

187 2131 189 2137 ι
295 2090 323 2144 et
352 2083 538 2162 emendsre;
571 2084 688 2162 alioqui
722 2103 793 2144 reus
825 2084 887 2143 erit
910 2084 1029 2162 peceati
1067 2084 1097 2141 in
1131 2082 1214 2143 Chri·

295 2173 383 2244 surm,
406 2168 457 2227 eui
481 2166 659 2245 praetulerit
679 2166 847 2243 hominem,
869 2166 1052 2244 veritatique
1074 2166 1214 2244 iniquita-

295 2255 358 2311 tem.
396 2249 484 2309 Haeo
513 2249 600 2311 vides
633 2249 705 2329 quid
739 2248 875 2309 fasiani?
913 2248 1042 2327 primurn
1073 2248 1214 2327 impiissi-

186 2355 187 2358 ’
294 2351 407 2394 morum
439 2331 637 2393 adulatorum
659 2331 807 2393 damnant
836 2332 1034 2408 senteutiam,
1065 2331 1116 2409 qui
1144 2348 1214 2410 pee-

294 2417 370 2476 oanti
398 2413 540 2497 pontifioi
561 2414 687 2493 lallant,
720 2433 783 2493 pon
811 2414 903 2475 lisere
935 2413 1052 2474 disere:
1090 2412 1215 2473 Curiis

295 2497 384 2559 isaie-l
407 2498 464 2559 sed
476 2498 546 2559 sola
567 2499 709 2565 oratioue
720 2498 761 2560 ad
773 2499 871 2559 Deum
894 2515 950 2577 pro
964 2514 1002 2556 eo
1017 2494 1213 2577 gemendum.

295 2580 370 2656 Quid
393 2582 426 2642 hi
455 2580 640 2658 moliuntur,
676 2582 736 2641 nisi
766 2587 801 2641 ut
821 2579 947 2641 verbum
969 2579 1027 2639 Dei
1056 2585 1214 2639 tooesmue

295 2664 409 2725 asaele
431 2664 616 2742 iniquitatis,
638 2669 670 2724 et
689 2664 847 2725 hominem
870 2662 1078 2741 praeferamus
1102 2662 1213 2723 Christi

370 2828 495 2891 Deinde
520 2828 581 2889 ruit
598 2848 705 2890 eorum
730 2829 827 2908 impia
849 2828 1004 2906 doctrina,
1035 2846 1098 2888 non
1121 2828 1214 2889 lisere

296 2930 370 2992 eum,
391 2913 446 2993 qui
468 2912 607 2992 superior
629 2918 692 2990 est,
715 2911 867 2985 iudicare,
890 2913 969 2973 sieut
990 2910 1140 2989 quaedam
1164 2910 1215 2971 de-
1282 2955 1284 2963 ,

296 3002 374 3056 erata
393 2992 576 3076 pontificum
598 3001 761 3075 nugantur.
805 2992 959 3069 Obsecro,
981 3011 1035 3052 our
1055 3012 1119 3052 nou
1141 2993 1239 3070 lieet,

295 3077 449 3139 iudicare?
483 3097 524 3138 an
557 3079 628 3157 quia
657 3078 798 3157 superior
827 3075 895 3135 est?
933 3076 974 3134 At
1007 3074 1133 3134 verbum
1157 3074 1214 3134 Dei

296 3180 383 3241 super
404 3179 515 3223 omnes
544 3168 608 3238 est,
643 3160 727 3239 quod
754 3160 780 3220 si
814 3158 908 3219 habet
934 3156 1060 3218 inferior
1093 3161 1124 3217 et
1150 3176 1214 3217 non

297 3245 442 3324 superior,
465 3242 576 3304 sedere
597 3242 692 3304 debet
711 3243 852 3323 superior
873 3241 1018 3318 inferiori,
1040 3240 1119 3301 siout
1141 3240 1216 3301 dieit

299 3328 323 3388 l.
343 3326 483 3388 Corinth.
507 3328 561 3389 14:
599 3324 689 3401 Quod
722 3327 749 3387 si
769 3325 938 3387 revelatum
966 3323 1055 3384 luerit
1085 3323 1214 3402 sedenti,

296 3411 376 3487 prior
407 3416 523 3486 taoeat,
554 3428 594 3470 ne
613 3408 697 3481 ,illud
719 3408 800 3469 Psal.
824 3412 861 3471 13
890 3407 1008 3468 audiat:
1045 3408 1214 3470 Consilium

297 3490 393 3572 inopis
432 3490 629 3567 confudistis,
667 3493 739 3571 quia
765 3492 917 3552 Dominus
948 3509 1020 3570 spes
1059 3491 1124 3551 eius
1159 3496 1214 3550 est.

296 3572 587 3654 Nonneprophetae
607 3583 697 3634 erant
708 3574 868 3635 inferiores
881 3573 1004 3654 regibus
1019 3583 1049 3634 et
1070 3572 1214 3634 sacerdo-

297 3655 384 3735 tibus,
398 3665 536 3720 attamen
546 3676 600 3717 eos
614 3657 802 3733 iudicabant,
813 3656 1091 3737 reprehendebant,
1113 3675 1215 3717 emen·

298 3736 466 3803 dabantlut
487 3740 579 3800 etiam
595 3740 819 3818 de·leremia*)
834 3741 978 3820 seriptum
1000 3739 1051 3814 sit,
1070 3738 1155 3817 quod
1177 3741 1219 3801 sit

321 4064 332 4079 s
367 4033 400 4097 ⁸)
420 4030 516 4087 larem.
536 4032 562 4087 1.
