3159 4792
332 486 395 557 380
642 496 791 566 Disputatio
810 495 844 553 D.
865 496 898 551 Μ.
918 496 948 552 L.

331 682 420 761 ditor,
441 683 516 745 iaoit
534 686 624 745 iotam
648 704 751 745 veram
772 684 876 763 iidem,
899 692 930 746 et
951 687 1084 747 seoernit
1105 678 1144 746 ab
1167 685 1253 745 omni

330 768 391 828 alia
413 766 483 844 fide,
506 786 656 847 quaeres
679 776 794 829 tantum
817 776 920 851 gestas
942 769 1036 831 audit.

391 854 440 915 25
462 851 548 911 Haeo
570 858 618 911 est
638 850 724 927 fides
747 872 827 931 quae
844 852 913 912 sola
935 872 993 913 noa
1014 850 1162 913 iustificat
1184 854 1253 912 sine

330 934 455 1078 laghebet
476 934 630 1015 operibus,
653 954 708 1015 per
731 935 970 997 misericordiam
983 934 1081 1016 Deis
1074 956 1103 995 m
1128 936 1251 996 Christo

330 1036 370 1077 ax
392 1037 402 1077 1
424 1018 506 1078 itam.

392 1103 442 1165 26
465 1101 606 1181 Pugnant
627 1102 708 1161 enim
723 1103 783 1162 isto
796 1101 869 1178 duo,
892 1102 1045 1163 Christum
1059 1120 1114 1184 pro
1137 1107 1210 1161 nost
1212 1102 1251 1161 ris

328 1185 466 1263 peoootis
487 1183 629 1243 traditum
648 1184 891 1263 satisfeceraot
905 1186 1058 1266 nosipsos
1071 1204 1127 1265 per
1149 1184 1250 1265 legem

330 1286 349 1326 a
370 1268 505 1347 peccatis
527 1265 692 1328 iustificari.

394 1353 443 1414 )7.
468 1350 529 1409 Aut
549 1351 629 1411 enim
650 1350 704 1411 iiie
725 1368 789 1410 non
814 1357 862 1411 est
883 1349 976 1411 tradit
963 1356 1012 1411 tus
1036 1368 1091 1429 pro
1114 1351 1253 1429 peooatis

330 1435 453 1509 nostrie,
475 1440 529 1493 aut
551 1452 608 1493 nos
630 1452 694 1493 non
716 1432 916 1493 iustitioamur
938 1452 995 1512 per
1014 1433 1115 1514 legem
1138 1453 1158 1494 a
1180 1452 1251 1514 pao

331 1517 408 1576 eutis
431 1517 552 1576 uostris.

394 1599 444 1663 28
467 1596 623 1695 Scriptura
649 1605 752 1660 autem
782 1599 911 1677 elamat,
949 1600 1083 1659 omnium
1113 1604 1252 1659 nostrum

331 1683 489 1764 paooata'
480 1702 511 1742 ιιι
533 1683 633 1761 ipsum
656 1700 725 1742 aare
746 1683 862 1761 posita
885 1691 930 1743 et:
960 1681 1020 1742 Pro
1040 1683 1178 1779 peooatie
1198 1700 1253 1761 po-

331 1765 394 1847 puii
417 1766 474 1825 Dei
496 1772 544 1825 eet
566 1784 737 1844 percussus,
761 1772 792 1825 et
808 1764 904 1825 livore
926 1766 991 1824 eiua
1014 1765 1113 1824 sanati
1136 1784 1252 1824 sumus.

394 1851 444 1913 29
465 1846 623 1908 Iustifioati
668 1852 770 1909 autem
804 1849 849 1909 aio
886 1849 980 1929 gratis
1026 1855 1089 1908 tum
1123 1848 1251 1908 facimus

315 1949 440 2011 opera,
462 1932 525 1991 imo
548 1930 715 2009 Christua'
707 1950 775 2011 ipse
790 1932 822 1991 in
845 1930 933 1992 nobie
955 1930 1029 1991 facit
1049 1932 1164 1993 omnia

394 2016 443 2078 30.
466 2012 605 2088 Quodsi
627 2032 723 2110 opopa
745 2033 807 2075 non
830 2022 1018 2094 sequuntur,
1048 2020 1165 2074 eertum
1195 2020 1253 2091 eet

330 2096 421 2157 fidem
449 2096 530 2157 hano
552 2096 696 2158 Christi
687 2117 719 2157 ru
751 2096 845 2157 eorde
870 2104 976 2157 nostro
1012 2114 1075 2157 uon
1103 2096 1253 2175 habitare,

331 2180 386 2241 aed
411 2186 560 2241 mortuam
583 2180 677 2257 illam,
701 2180 819 2241 seilicet
841 2181 1022 2260 acquisitam
1044 2178 1146 2240 fidem.

394 2266 443 2328 31.
467 2262 610 2324 Omnium
646 2262 768 2343 quidem
806 2270 854 2324 est
885 2263 1005 2323 auditus
1037 2261 1140 2341 verbi,
1175 2264 1256 2323 siout

331 2347 476 2427 scriptum
499 2354 565 2407 oet:
588 2346 620 2407 ln
634 2365 756 2407 omnem
768 2353 881 2407 terram
905 2346 1000 2406 exivit
1021 2363 1115 2406 sonus
1137 2364 1254 2409 eorum.

394 2432 443 2493 32.
464 2428 525 2490 Sed
548 2448 610 2489 non
633 2430 769 2490 omnium
795 2437 843 2490 est
864 2429 941 2489 fides
963 2430 1032 2507 iata,
1056 2429 1134 2489 siout
1156 2430 1252 2509 serip-

333 2519 395 2572 tum
419 2521 480 2572 est:
503 2511 578 2585 Quis
601 2512 729 2572 eredidit
749 2511 865 2573 auditui
889 2510 1019 2574 nostro?

392 2597 442 2659 33.
465 2594 506 2654 Et
527 2613 645 2673 omues,
668 2596 718 2673 qui
741 2596 859 2656 iactant
880 2614 983 2675 operax
999 2612 1102 2655 eoram
1117 2595 1185 2655 Deo
1211 2596 1255 2654 iu-

332 2676 480 2754 atifloare,
508 2676 676 2738 ostendunt
696 2697 767 2739 rese
788 2678 863 2739 nihil
886 2677 924 2739 de
947 2677 1085 2755 Christo,
1118 2684 1172 2738 aut
1192 2676 1255 2739 fide

330 2760 512 2838 intelligere.

393 2862 443 2924 34.
464 2860 607 2921 Fatemur
644 2878 740 2942 opera
768 2861 851 2922 bona
880 2860 973 2922 fidem
1009 2861 1096 2940 sequi
1129 2858 1252 2939 debere,

333 2945 396 3005 imo
419 2964 481 3005 ιιοιι
504 2943 627 3021 debere,
650 2943 705 3005 sed
728 2952 839 3024 sponte
851 2946 957 3024 sequi3
979 2946 1057 3004 siout
1070 2942 1162 3004 arbor
1172 2942 1257 3005 bona

331 3046 394 3088 non
418 3027 514 3089 debet
535 3028 635 3089 bonos
657 3028 770 3088 fruetus
791 3027 908 3105 fauere,
932 3026 985 3087 sed
1008 3033 1120 3107 sponte
1140 3026 1225 3089 feeit.

394 3130 442 3191 35.
464 3127 505 3187 Et
535 3128 615 3188 siout
650 3127 723 3188 boni
744 3128 858 3189 fruetus
881 3147 943 3190 non
965 3126 1081 3188 faciunt
1102 3126 1257 3206 arborem,

333 3211 376 3270 ita
397 3209 480 3271 bona
503 3229 598 3290 opera
620 3230 682 3271 ιιοιι
705 3209 871 3272 iustificant
890 3229 1065 3293 personam.

397 3310 446 3373 36
470 3308 530 3369 Sed
553 3310 636 3370 bona
669 3330 765 3391 opera
804 3309 882 3371 fiunt
902 3330 921 3371 a
944 3329 1079 3390 persona
1101 3311 1161 3370 iam
1185 3318 1258 3371 ante

335 3392 501 3453 iustiiioatu
524 3412 579 3473 per
600 3392 703 3471 fidem,
726 3396 805 3453 eiout
794 3395 942 3456 tfruotus
959 3393 1033 3455 boni
1055 3392 1133 3454 fiunt
1153 3393 1191 3453 ab
1215 3414 1260 3453 ar-

337 3476 441 3537 bore
434 3495 495 3536 lam
517 3483 589 3536 ante
611 3476 693 3537 bona
713 3496 769 3556 per
791 3484 942 3539 naturam.

396 3562 446 3624 37.
469 3559 587 3619 Tamen
611 3569 642 3619 et
669 3561 700 3619 in
728 3560 930 3640 philosophia
952 3560 996 3621 ita
1016 3558 1124 3633 habet:
1164 3508 1258 3634 Quod

332 3643 398 3703 siue
421 3648 545 3703 etanta
567 3661 658 3703 omne
681 3662 757 3723 opus
779 3642 894 3703 bonum
922 3661 1053 3703 neeesse
1075 3649 1141 3719 est
1164 3644 1257 3703 ratio·

332 3746 401 3787 nem
423 3732 537 3786 rectam
561 3732 591 3785 et
614 3726 803 3786 voluntatem
824 3726 943 3787 bonam
966 3745 1044 3786 esse.

396 3810 444 3872 38.
467 3808 586 3869 Nectit
606 3811 684 3869 ratio
707 3815 805 3887 reeta,
843 3817 896 3869 aut
930 3809 1074 3870 voluntas
1108 3806 1191 3869 bona
1219 3808 1258 3869 ab

332 3909 444 3971 opere,
467 3892 520 3951 sed
544 3910 622 3971 opus
644 3890 679 3951 fit
701 3912 718 3951 a
742 3898 827 3953 reeta
851 3892 971 3953 ratione
993 3898 1024 3952 et
1046 3890 1216 3953 voluntate.

393 3993 444 4054 39.
465 3990 507 4051 ut
528 3990 652 4055 artifieio
672 3991 744 4053 idea
759 4012 823 4055 non
846 3990 880 4053 fit
901 4010 920 4053 a
942 3991 1035 4053 domo
1067 3990 1119 4055 vel
1132 3990 1259 4071 fabrioa,
