3159 4792
380 491 421 556 88
596 494 726 575 ,Τοιοειικγ
744 494 861 551 Consule
876 494 909 551 ii.
920 495 961 550 -it
980 497 1092 560 Lutissri

273 702 274 707 κ
382 685 429 743 su.
489 682 613 743 sutus
666 682 849 763 Epinoion·
887 637 1023 746 nauseo
1064 684 1219 747 niam
1251 684 1304 746 ts-
1406 691 1407 698 ¹

381 768 530 844 iunctam,
554 784 633 844 quae
655 767 685 825 in
708 766 766 827 hac
789 768 926 829 editione
947 788 1010 829 non
1033 769 1152 829 reddita
1178 776 1236 846 est,
1259 789 1304 831 re·

383 850 547 930 petivimus
579 869 617 908 ex
649 849 783 910 editione
804 851 1014 931 Epistularum
1042 852 1180 931 Lutheri,
1209 871 1303 932 quam

382 932 541 992 Auriicber
577 934 693 993 curavit
728 934 833 1009 (Luth.
869 934 947 1016 Epp.
970 936 981 997 l
1001 956 1031 1015 p.
1054 938 1115 1000 242
1138 939 1241 1015 sqq.)‚
1274 946 1305 995 et

380 1036 449 1076 cum
472 1034 508 1075 ea
531 1015 715 1075 contulimus
748 1024 865 1077 textum
900 1019 1194 1099 collectionis·0pp.
1216 1019 1303 1079 both.
1406 1055 1407 1058 =

380 1100 522 1160 Jensnsis
545 1100 617 1159 anni
642 1102 731 1164 1556.

467 1181 592 1262 Legitur
623 1182 672 1242 hio
705 1182 780 1244 liber
812 1183 909 1244 latine
942 1186 1034 1245 etiam
1067 1186 1099 1244 in
1128 1185 1201 1245 coil.
1223 1184 1305 1265 Opp.

381 1266 468 1327 Loth.
493 1265 561 1325 Jen.
584 1264 606 1341 1,
628 1285 658 1345 p.
681 1268 741 1331 473
764 1285 830 1345 sqq.
874 1267 1018 1329 Vittemb.
1042 1268 1087 1345 11,
1110 1288 1140 1347 p.
1165 1270 1203 1331 13
1226 1287 1305 1347 sqq„
1406 1287 1407 1344 j

382 1349 558 1429 germanice
581 1349 610 1408 in
634 1350 704 1413 coll.
728 1349 874 1413 Vittemb.
896 1351 948 1428 vl,
970 1372 999 1430 p.
1013 1353 1073 1416 346
1096 1369 1175 1430 sqq.,
1197 1350 1304 1412 Alten-
1406 1359 1407 1398 ὲ

382 1432 469 1513 burg.
495 1434 503 1489 l
528 1452 558 1511 p.
582 1432 642 1496 368
665 1452 731 1513 sqq.
754 1433 836 1513 Lips.
858 1434 939 1494 XXli
958 1454 988 1513 p.
1009 1436 1069 1498 473
1092 1452 1159 1513 sqq.
1182 1434 1303 1495 Walch.

380 1514 576 1679 {41393t31
609 1533 675 1594 sqq.
712 1516 765 1587 (cs.
798 1516 885 1577 Luth.
907 1516 988 1598 Epp.
1022 1517 1069 1580 ed.
1093 1517 1132 1578 de
1153 1517 1305 1596 Wette1,

382 1850 616 1916 'tessaradecas
647 1848 870 1915 consolatoria
903 1867 962 1932 pro
998 1850 1234 1917 Laborantibus
1273 1856 1307 1916 st

577 1931 728 1997 oneratis
750 1932 787 1996 D.
809 1932 944 1998 Martini
964 1933 1110 2001 Lnthsri.

758 2114 920 2179 Praefatio

464 2267 634 2347 Apostolus
655 2267 767 2327 Paulus
783 2265 947 2331 Romas15
970 2267 1149 2329 definiturus
1161 2269 1307 2331 Christia-

364 2370 488 2419 ¹norum
522 2350 633 2412 solatia
667 2349 757 2410 dicit:
789 2351 927 2425 Fratres,
952 2370 1154 2431 quaecunque
1190 2354 1308 2433 scripta

381 2441 466 2511 snut,
501 2433 539 2492 ad
562 2439 699 2493 nostram
729 2432 900 2494 doctrinam
923 2436 1038 2514 scripta
1060 2444 1147 2509 suut,
1183 2441 1217 2494 ut
1250 2455 1308 2516 per

380 2518 560 2595 patientiam
605 2522 636 2574 et
671 2516 918 2576 consolationem
953 2517 1176 2597 scripturarum
1216 2537 1305 2598 spern

382 2599 560 2660 habeamus.
605 2599 638 2657 ln
662 2618 722 2677 quo
745 2607 853 2678 aperte
887 2599 994 2680 docet,
1021 2602 1135 2662 sciatis
1155 2609 1264 2661 nostra
1286 2621 1306 2661 e

382 2681 544 2762 Scripturis
566 2682 680 2741 sanctis
704 2700 772 2742 esse
795 2683 937 2761 petenda.

466 2764 641 2843 Scripturas
662 2772 788 2824 sauctae
812 2773 913 2826 autem
935 2767 1060 2846 gemino
1078 2766 1304 2827 consolationis

381 2856 471 2927 tropo
494 2854 633 2923 utuntur,
667 2846 737 2907 dum
768 2847 844 2907 duas
865 2850 1017 2929 imagines
1045 2868 1146 2909 rerum
1168 2848 1306 2909 saluber·

380 2933 457 2991 rima
479 2933 627 3013 temperis
650 2932 761 2991 mixtas
784 2939 970 3014 proponunt,
992 2932 1141 2992 malarum
1159 2932 1306 2993 videlicet

381 3021 412 3074 et
434 3015 599 3091 bonarum,
629 3016 708 3075 sicut
729 3014 966 3075 Ecclesiasticus
987 3017 1111 3095 sapiens
1134 3015 1226 3075 dicit:
1267 3016 1304 3075 In

380 3098 430 3157 dis
452 3099 601 3159 malorum
624 3118 747 3159 mernor-
764 3106 832 3159 esto
855 3099 1023 3175 bonorum,
1057 3105 1089 3159 st
1115 3099 1147 3158 in
1176 3098 1226 3158 die
1248 3097 1305 3158 bo-

380 3184 488 3241 norum
519 3201 636 3243 memor
670 3189 736 3241 esto
768 3183 929 3243 malornm.
972 3181 1037 3243 Scit
1068 3183 1149 3242 enirn
1172 3181 1305 3261 Spiritus

257 3302 258 3309 .
381 3272 503 3322 sanctus
526 3264 619 3324 talem
652 3282 689 3322 ac
722 3270 838 3323 tantam
869 3284 939 3325 esse
965 3264 1082 3325 homini
1110 3284 1174 3325 rem
1198 3283 1305 3344 quam-

382 3364 511 3425 cunque,
535 3347 633 3424 qualis
656 3358 687 3405 et
702 3352 817 3424 quanta
835 3348 901 3407 eius
921 3349 1033 3427 inipso
1047 3349 1304 3427 valueritopinio.

382 3428 472 3505 Quod
512 3430 592 3489 euim
617 3428 677 3489 vile
706 3438 735 3489 et
763 3429 848 3489 nihili
870 3429 1004 3506 ducitur,
1040 3450 1147 3510 parum
1178 3449 1305 3510 quoque

380 3512 485 3591 afficit,
508 3532 562 3571 seu
584 3530 700 3586 amors,
723 3513 746 3571 si
771 3513 884 3590 veniat,
907 3532 961 3573 seu
976 3513 1096 3586 dolore,
1118 3516 1144 3574 si
1166 3513 1303 3577 recedat.

379 3594 458 3656 ldeo‘
476 3594 506 3655 id
530 3597 611 3656 omni
636 3594 738 3655 studio
762 3604 907 3674 conatur,
927 3604 961 3657 ut
981 3597 1138 3658 hominem
1159 3616 1303 3657 ararum

381 3679 527 3758 opinions
550 3686 581 3737 et
601 3677 712 3739 affectu
735 3687 855 3739 avocet.
883 3678 973 3754 Quod
996 3678 1217 3758 ubisiiecerit,
1238 3680 1302 3741 iam

378 3780 428 3821 res
451 3761 606 3841 quaelibet
627 3767 697 3821 sunt
718 3760 937 3823 indifferentes.
986 3763 1062 3825 Cum
1092 3770 1194 3824 autem
1220 3762 1303 3823 haec

379 3847 522 3905 avocatio
554 3846 747 3925 potissimum
783 3844 878 3907 verbo
911 3844 981 3925 fiat,
1021 3865 1083 3927 quo
1119 3846 1303 3907 transfertur

381 3928 485 4006 opinio
508 3946 527 3986 a
547 3948 596 4005 re,
609 3942 697 4008 ¹quae
742 3935 900 3989 raesentsr
921 3928 1032 4008 afficit,
1054 3930 1086 3989 iu
1108 3949 1190 4008 rem,
1219 3946 1302 4009 quse

379 4008 429 4070 vel
450 4008 562 4071 absens
590 4017 652 4089 est,
683 3948 740 4074 vai)
760 4031 823 4074 non
850 4010 959 4074 afficit·
975 4030 1140 4093 praesens,
1177 4011 1300 4100 optimo
