3159 4792
387 524 428 591 ab

562 474 680 583 'uorsa
700 518 814 583 Consol.
836 519 869 581 ll.
887 527 923 582 ll.
941 520 1053 582 butlrsrl
1152 466 1162 507 Ι

471 712 522 790 IX,
547 712 619 857 74³
665 714 718 793 (Iu
747 728 785 776 es
813 715 949 776 editione
981 715 1069 777 deest
1098 714 1231 795 epistola
1251 713 1308 773 Lu·
1400 756 1406 761 -

473 799 593 859 theria
636 797 820 859 Friderioum
844 799 1018 860 Electorem
1041 798 1142 876 data.)

471 881 697 943 'l'essaradeoas
720 882 930 943 consolatoria
961 902 1018 963 pro
1045 881 1257 943 laborantibus
1278 887 1310 941 at

472 966 606 1027 oneratis
641 964 762 1026 Martini
789 962 915 1027 Lutheri
945 967 1086 1047 Augusti.
1114 964 1309 1027 Vultteuber·

471 1048 585 1129 geusis.
627 1048 749 1129 Lipsiae
772 1069 812 1110 ex
834 1050 959 1111 officina
978 1048 1309 1111 blelehiorisbottlreri.

472 1136 564 1195 Anno
595 1152 614 1192 a
648 1134 743 1193 natali
766 1132 939 1195 Christiano
962 1133 1127 1194 blillesinro
1163 1133 1310 1213 quingen·

471 1217 582 1276 tesimo
604 1216 764 1279 vicesimo.
807 1214 844 1277 In
866 1216 946 1277 fine:
973 1216 1097 1297 Lipsiae
1122 1230 1162 1276 ex
1184 1214 1310 1276 offloiua

472 1298 647 1360 Melohioris
675 1299 812 1360 Lottheri
841 1301 932 1360 Anno
963 1320 982 1361 a
1017 1300 1111 1360 natali
1134 1298 1310 1360 Christiano
1406 1297 1407 1302 ’

473 1382 636 1443 ldillesimo
656 1384 904 1463 quingentesimo
926 1386 1086 1463 vigesimo.
1102 1385 1131 1446 4.
1294 1378 1298 1383 ’
1406 1387 1407 1398 ’

576 1465 711 1539 (Pauzer
734 1462 800 1545 vll,
822 1468 892 1531 213.
914 1488 943 1527 v.
966 1466 995 1527 'd.
1018 1463 1116 1527 Hardt
1135 1464 1172 1542 ll,
1195 1461 1265 1547 68.)

472 1564 700 1627 Tesseradeoas
724 1567 934 1628 consolatoria
966 1558 1022 1647 uro
1045 1563 1256 1629 laborantibus
1279 1570 1312 1625 et

473 1651 607 1711 oneratis
628 1648 664 1710 D.
686 1650 809 1710 Martini
831 1650 954 1711 Lutheri
982 1650 1144 1734 Augustis.
1179 1647 1310 1710 Witten·

472 1734 598 1813 bergen.
647 1732 681 1795 ln
711 1732 787 1794 line:
824 1734 964 1817 Auguste
994 1736 1027 1794 in
1058 1732 1164 1794 edibus
1193 1729 1310 1793 Siluani

474 1808 589 1877 Otmar.
634 1815 727 1876 Anno
750 1816 790 1877 bl.
812 1815 850 1877 D.
872 1817 939 1881 XX.
959 1820 989 1879 4.

948 1897 1083 1976 (Pauzer
1102 1896 1153 1971 vl,
1177 1895 1266 1980 158.)

492 1998 718 2063 Tesseradeoas
741 1998 952 2061 consolatoria
973 2019 1029 2080 pro
1045 1996 1256 2061 laborantibus
1279 2004 1313 2057 et

473 2084 607 2143 oneratis
635 2082 756 2141 Martini
783 2081 907 2143 Lutheri
943 2082 1023 2164 Aug.
1058 2080 1311 2163 Vuittenbergen.

477 2162 585 2240 (Tituli
606 2159 730 2247 pagiua,
753 2166 839 2225 ouius
861 2166 1016 2247 margines
1037 2166 1143 2227 formis
1166 2171 1310 2245 typogra-

472 2247 570 2329 phiois
593 2255 664 2310 sunt
686 2250 802 2326 ornati,
836 2269 894 2309 nee
921 2268 1034 2309 aunum
1057 2268 1116 2309 neo
1137 2248 1243 2310 locum
1264 2248 1312 2307 in-

473 2332 586 2406 dicat).
630 2334 661 2392 ln
684 2328 760 2391 iius:
791 2330 942 2393 Coloniae
963 2334 993 2392 iu
1016 2333 1143 2394 aedibus
1165 2330 1311 2391 Eucharii

367 2430 370 2437 ’
473 2414 660 2476 Cervioorni.
705 2413 796 2475 Anno
819 2416 949 2495 virginei
971 2421 1085 2496 partus.
1120 2414 1160 2476 M.
1183 2414 1220 2477 D.
1243 2413 1311 2475 XX.

475 2497 638 2577 (Biblioth.
660 2498 735 2577 reip.
757 2493 912 2574 Norimb.)

493 2578 718 2641 Tesseradeoas
752 2579 970 2642 Consolatoria
1013 2600 1069 2661 pro
1101 2578 1314 2641 laborantibus

473 2668 504 2724 et
532 2664 666 2723 oneratis
694 2659 780 2725 biert.
804 2663 891 2724 Luth.
923 2663 1052 2745 August.
1094 2656 1313 2743 Wittebergae

471 2746 511 2807 Μ’
534 2744 765 2907 Dirllzlssrlx,
787 2830 837 2894 ao.
860 2851 889 2907 ve
912 2828 941 2889 u.
962 2827 1061 2889 uara
1081 2827 1122 2889 ru
1145 2850 1174 2909 p.
1197 2817 1287 2902 sor

492 2929 718 2993 Tesseradeaas
740 2928 950 2992 consolatoria
970 2948 1026 3009 pro
1046 2927 1256 2991 laborantibus
1279 2937 1313 2989 et

472 3015 606 3075 oneratis
628 3014 749 3077 Martini
771 3013 905 3076 Lutherii
933 3011 1075 3093 Augusti.
1124 3006 1311 3073 Witteuber-

414 3134 418 3157 ι
471 3098 575 3178 gensis
599 3100 643 3177 (s.
665 3098 685 3158 l.
708 3104 869 3170 stanno).
911 3093 946 3158 Iu
975 3094 1036 3155 line
1053 3094 1197 3175 Epistola
1216 3092 1312 3156 Udal-

471 3182 525 3241 riei
547 3180 701 3261 Hugualdi
723 3179 838 3259 Durgei
860 3178 981 3259 legitur,
1004 3178 1190 3259 subscripta:
1224 3178 1311 3238 Basi-

473 3264 539 3323 leae
571 3262 674 3323 Anno.
698 3261 783 3340 XXI,
811 3260 842 3323 4.
889 3260 991 3321 Etiam
1025 3262 1057 3321 in
1084 3261 1144 3322 hae
1171 3260 1311 3323 editione

472 3342 604 3425 epistola
625 3344 748 3405 Lutheri
793 3343 832 3403 ad
877 3343 1052 3405 Eleetorem
1096 3343 1168 3404 data
1210 3343 1310 3407 deest.

946 3427 1081 3499 <Panuer
1101 3426 1153 3504 lx,
1173 3430 1265 3503 399).

491 3526 750 3589 Thessaradeoas
772 3528 983 3588 eousolatoria
1002 3547 1059 3607 pro
1096 3524 1309 3589 laborantfflus

472 3618 503 3671 et
531 3612 665 3672 oneratis
695 3610 732 3675 D.
755 3610 841 3671 Mart.
865 3609 998 3673 Lutheri.
1048 3609 1098 3670 Ad
1119 3609 1308 3671 Friderieum

471 3694 626 3755 Saxoniee
647 3694 762 3754 Ducem
785 3693 970 3757 illectorem.
1015 3693 1092 3755 (lum
1113 3712 1197 3755 nova
1217 3712 1309 3774 prae

472 3778 589 3839 latione
609 3777 742 3839 Lutheri.
764 3776 891 3840 Witteb.
916 3777 1006 3855 1535,
1028 3780 1057 3843 8.

820 3863 868 3937 (v.
889 3859 919 3921 d.
939 3858 1039 3923 Hardt
1057 3858 1100 3922 ΙΙΙ
1121 3881 1150 3942 p.
1172 3862 1262 3937 252.)

490 3960 727 4022 Tesseradeoas
750 3960 968 4022 consolatoria
1002 3977 1060 4041 pro
1082 3960 1308 4025 Laborantibus

473 4044 505 4104 'et
526 4044 724 4109 onerantibus
759 4045 823 4125 (alo
843 4061 915 4125 pror
944 4044 1096 4122 onam)
1125 4044 1163 4111 D.
1185 4044 1308 4109 blattini
