3159 4792
351 546 395 614 52
631 550 757 621 apator·
774 550 808 605 n.
826 548 862 605 u.
882 550 995 647 Lethen

351 738 432 821 gas?
475 739 554 800 Vere
588 744 711 820 apertus
746 745 778 799 et
812 740 948 800 sincerus
985 736 1114 815 Ecoius,
1149 735 1272 816 qualem

351 841 460 884 omnes
482 827 610 901 norunt,
643 840 734 901 quam
764 842 829 883 non
851 829 979 902 quaerat
1000 821 1147 905 gloriam,
1181 836 1272 899 quam

352 913 480 986 quaerat
500 907 660 967 veritatem
682 924 768 986 pure.
1057 918 1061 927 '

435 988 648 1051 Omaledieta
670 988 753 1068 dies,
785 990 817 1049 in
840 1007 901 1069 qua
926 993 1016 1048 nstris
1038 1006 1105 1049 sum
1130 984 1182 1069 (ut
1203 1004 1272 1045 eum

349 1073 479 1133 Ieremia
511 1072 629 1151 dicam)
667 1072 771 1134 videre
811 1074 843 1132 in
884 1072 1039 1153 theologis
1079 1078 1141 1131 tam
1176 1070 1273 1151 impu-

351 1157 460 1216 dentes
483 1155 711 1236 simulationes,
743 1156 819 1216 nihil
846 1157 953 1215 mirum
976 1153 1122 1236 proinde,
1155 1154 1181 1213 si
1210 1161 1273 1213 tam

352 1241 445 1300 auxie
479 1228 525 1300 vis'
563 1239 682 1301 laudari
714 1247 838 1321 apertus
869 1246 900 1300 et
921 1240 1067 1301 sincerus.
1111 1235 1171 1312 Qui
1191 1237 1274 1297 enim

350 1325 410 1383 isto
440 1322 534 1383 modo
559 1330 684 1403 apertus
712 1342 760 1402 es,
793 1342 882 1403 quem
914 1322 1064 1402 reliquum
1097 1320 1188 1401 facis,
1221 1321 1274 1399 qui

351 1406 449 1486 magis
471 1405 609 1487 indigeat
629 1405 721 1467 laude
747 1406 827 1467 hac?
869 1404 1025 1484 Obsecro,
1059 1403 1185 1465 laudent
1205 1402 1275 1483 Lip-

352 1507 459 1549 senses
480 1496 619 1569 apertum
631 1489 768 1569 Eccium,
790 1488 917 1551 laudent
939 1506 1047 1550 omnes
1065 1506 1143 1568 quos
1165 1488 1275 1564 iactas,

351 1573 444 1633 etiam
458 1573 586 1634 vocibus
604 1573 785 1653 Stentoreis,
807 1591 866 1634 nec
887 1574 934 1633 sic
954 1573 1028 1633 satis
1051 1579 1081 1633 te
1096 1569 1274 1647 laudabunt,

351 1662 438 1716 tanta
459 1664 507 1717 est
527 1659 707 1718 necessitas.

434 1737 516 1814 Quin
549 1747 581 1801 et
613 1759 672 1822 ego
702 1758 771 1800 curn
801 1738 1142 1820 Vuittambergeneibus
1170 1735 1273 1797 lauda-

352 1842 418 1882 mus
442 1829 476 1882 et
495 1822 642 1883 dicimus:
681 1822 795 1883 Omnia
817 1842 890 1883 vera
912 1822 1019 1883 scribis
1042 1829 1072 1882 et
1093 1820 1186 1898 dicis,
1218 1819 1274 1879 Lu·

351 1905 429 1965 theri
451 1906 584 1986 epistola
601 1905 764 1966 falsissima
786 1913 843 1983 est,
866 1906 1007 1966 iniuriam
1028 1905 1083 1966 tibi
1104 1905 1186 1982 lecit,
1205 1903 1276 1983 ipse

351 1988 485 2068 denique
522 2008 590 2049 eam
622 1994 761 2049 revocat.
816 1987 897 2062 Quid
937 1991 983 2049 vis
1022 1986 1174 2069 amplius?
1212 1988 1274 2046 iam

351 2072 543 2131 verissimum
576 2078 638 2149 est,
676 2078 759 2133 stare
781 2074 921 2133 meritum
954 2074 1096 2153 congrui,
1130 2070 1274 2132 Iohannis

351 2154 432 2214 Huss
464 2155 623 2215 articulum
657 2173 721 2216 non
750 2172 820 2216 esse
848 2164 878 2215 et
899 2162 999 2235 tuum,
1031 2162 1132 2216 sectas
1155 2153 1275 2215 schola-

351 2239 498 2299 sticorum
511 2238 681 2299 Doctorum
704 2258 723 2299 a
744 2245 775 2299 te
797 2258 860 2299 non
883 2240 999 2321 negari,
1022 2237 1164 2299 servilem
1186 2238 1275 2297 timo-

352 2340 416 2382 rem
441 2316 491 2404 (id
513 2328 571 2400 est,
593 2328 754 2402 peceatum
776 2329 808 2382 et
828 2321 1039 2405 iniquitatem)
1064 2341 1132 2383 esse
1154 2321 1274 2381 initium

352 2406 580 2485 poenitentiae,
606 2425 698 2485 quam
721 2406 858 2485 alioquin
881 2408 912 2467 in
935 2406 1035 2487 gratia
1054 2404 1120 2467 lieri
1142 2408 1275 2485 oportet,

353 2490 425 2567 quia
445 2488 607 2569 peccando
632 2488 683 2572 (id
705 2497 766 2569 est,
788 2509 851 2550 non
874 2489 1041 2567 merendo)
1065 2496 1096 2551 et
1112 2488 1275 2567 iniquitate

354 2570 405 2655 (id
433 2579 498 2651 est,
531 2591 595 2633 non
627 2579 715 2653 grato
747 2584 860 2652 opere)
897 2574 1061 2654 incipimus
1095 2572 1203 2633 mereri
1237 2588 1276 2630 ac

352 2660 471 2735 gratum
511 2654 624 2716 facere.
678 2655 803 2735 Vicisti,
845 2656 1053 2737 triumphasti,
1096 2657 1137 2716 sit
1174 2653 1276 2736 gloria

352 2738 517 2818 gloriarum
550 2738 663 2809 aecio,
700 2740 752 2820 qui
787 2738 919 2801 obtinuit
945 2739 1075 2800 liberum
1108 2738 1277 2814 arbitrium,

352 2828 424 2881 ants
445 2822 574 2902 gratim
596 2840 660 2883 non
682 2822 748 2882 dari
770 2824 911 2883 meritum
939 2841 957 2883 a
979 2821 1165 2884 Doctoribus
1187 2820 1275 2880 scho-

353 2904 487 2984 lasticis,
511 2904 643 2967 obtinuit
663 2912 766 2967 antem
788 2906 950 2982 facillime,
974 2908 1048 2989 quia
1068 2924 1160 2967 nemo
1183 2922 1275 2984 nega-

354 2989 397 3048 vit
417 3007 561 3069 unquam.
619 3020 621 3030 =

434 3072 475 3133 ut
489 3072 647 3152 credebas,
668 3073 791 3135 credive
812 3072 951 3152 volebas,
974 3075 1021 3134 vir
1041 3076 1171 3153 sincere,
1191 3070 1276 3131 Carl-

353 3154 483 3215 stadium
506 3156 571 3228 etl)
583 3157 748 3218 Lutherum
764 3174 834 3217 esse
847 3163 1054 3236 temeramus,
1075 3163 1110 3218 ut
1119 3157 1181 3217 hoc
1192 3173 1276 3215 mon-

353 3246 447 3299 strum
480 3238 673 3300 scholasticis
695 3238 881 3301 Doctoribus
916 3259 1050 3321 unquam
1081 3240 1276 3321 impegerint,
1303 3306 1313 3317 ι

352 3327 406 3381 aut
425 3340 516 3401 super
537 3322 598 3384 hoc
620 3322 857 3403 disputaverint,
895 3330 928 3386 ut
949 3330 980 3385 te
1009 3326 1041 3385 in
1063 3324 1125 3386 hoc
1146 3340 1277 3383 necesse

352 3405 443 3465 merit
463 3411 549 3466 tanto
572 3406 701 3466 tumultu
725 3413 844 3467 certare
877 3409 909 3468 in
944 3415 1006 3469 tarn
1040 3408 1153 3491 insigni
1181 3404 1276 3467 loco?

354 3487 416 3549 Cur
436 3508 499 3549 non
521 3489 612 3549 simili
640 3490 769 3550 tornatis
791 3488 893 3552 verbis
926 3500 993 3553 arte
1024 3512 1062 3553 ex
1083 3488 1276 3575 ingolstadio

354 3571 470 3651 scribis,
492 3591 547 3654 per
560 3574 767 3655 purgatorium
787 3580 818 3634 te
829 3574 1021 3636 intellexisse
1033 3574 1125 3636 fidem
1150 3577 1277 3635 sanotae

353 3656 512 3736 trinitatis,
535 3663 567 3717 ut
589 3654 745 3718 celebrare
766 3658 933 3737 possimus,
956 3658 1126 3720 obtinuisse
1149 3664 1196 3737 te,
1217 3657 1276 3717 De·

355 3758 404 3798 um
428 3759 497 3800 esse
520 3741 631 3801 trinum
654 3747 684 3801 et
706 3760 818 3819 unum,
846 3742 931 3823 quod
952 3760 1044 3804 nemo
1068 3762 1202 3822 unquam
1225 3759 1277 3801 ne-

354 3825 449 3903 gavit,
470 3824 549 3884 sicut
569 3843 628 3885 nec
648 3824 869 3906 purgatorium,
890 3845 946 3907 pro
972 3845 1033 3906 quo
1056 3835 1160 3888 tamen
1185 3844 1276 3905 quam

279 4017 282 4023 '
399 4077 402 4081 ι
425 4010 455 4073 1)
477 4010 505 4062 ln
524 4012 567 4066 ed.
585 4013 645 4067 Jen.
664 4014 754 4067 deest:
775 4013 972 4081 Oarlstadium‚
992 4016 1152 4086 allegitur:
1180 4017 1278 4070 Lnthe-

354 4096 415 4133 rum
437 4109 469 4118 —
490 4098 614 4137 erassum
633 4091 682 4139 etc.
