3159 4792
372 488 436 584 404
665 456 823 593 ¹Disputatio
841 503 876 581 1).
894 518 930 581 ll.
947 508 979 579 1..

438 710 485 771 15.
508 706 585 769 Cum
608 710 690 770 enim
708 710 842 773 ecclesia
855 730 956 793 popae
973 732 1037 773 non
1051 712 1152 774 solum
1175 714 1301 775 omittat

373 790 594 889 institutionem
608 792 731 873 Christi,
753 795 913 856 sedetiam
936 803 1029 876 cogat
1044 795 1084 858 ad
1096 798 1297 857 omissionem

374 872 633 1022 errspprpbermm
656 966 719 1039 est,
754 979 823 1021 eam
853 980 917 1022 non
949 980 1019 1023 esse
1041 962 1206 1023 ecclesiam
1230 950 1323 1042 Dei,'
1404 923 1405 1014 l

373 1040 429 1101 sed
461 1059 653 1123 synagogam
682 1049 826 1124 satanae,
859 1064 937 1125 quae
964 1052 1126 1125 peccatum
1147 1048 1300 1127 praecipit
1404 1075 1405 1096 ι

376 1129 408 1184 01
429 1124 576 1185 iustitiam
599 1125 783 1212 prohibet,
1404 1149 1405 1156 ¹

436 1206 486 1269 17.
509 1206 641 1268 Etcum
664 1208 962 1289 praetereadamnet
984 1216 1017 1271 ut
1038 1211 1223 1295 haereticos,
1247 1214 1298 1292 qui
1404 1203 1405 1282 ἶ

374 1290 600 1352 institutionem
623 1291 735 1353 Christi
758 1299 935 1371 sequuntur.

438 1372 486 1436 18.
509 1371 651 1453 Sequitur
673 1375 832 1436 evidenter
846 1376 875 1453 Ι)
899 1383 930 1436 01
951 1376 1165 1456 infallibiliter,
1197 1378 1297 1457 ipsam

373 1472 443 1516 esse
476 1456 739 1519 abominationem
768 1459 937 1519 antichristi
971 1467 1003 1520 et
1027 1459 1173 1520 furiosam
1199 1480 1297 1521 mere·
1404 1523 1405 1528 ,

372 1540 479 1600 tricem
503 1537 628 1602 diaboli.

438 1625 487 1686 19.
509 1622 588 1683 Nam
620 1622 723 1685 dicere
745 1642 815 1685 eum
834 1624 1020 1685 haereticum
1054 1644 1142 1703 esse,
1174 1627 1227 1705 qui
1251 1647 1297 1687 10-

374 1705 476 1785 quitur
497 1706 719 1767 institutionem
743 1715 775 1767 et
798 1708 925 1769 verbum
947 1708 1074 1788 Christi,
1112 1714 1160 1769 est
1193 1709 1296 1770 dicere

373 1789 472 1868 ipsum
496 1787 648 1850 Christum
681 1790 886 1869 haereticum,
921 1798 953 1851 et
978 1792 1202 1853 institutionem
1229 1795 1296 1854 eius

372 1870 557 1933 haereticam
581 1892 659 1937 esse.

435 1956 485 2019 20.
506 1955 614 2035 Neque
638 1958 720 2017 enim
741 1956 915 2017 haereticus
928 1954 988 2017 diei
1001 1963 1115 2038 potest,
1136 1959 1196 2017 nisi
1213 1960 1298 2039 prior

371 2036 434 2115 ille,
456 2056 547 2118 quem
568 2038 595 2099 11
609 2041 755 2119 sequitur,
777 2038 1002 2117 haeresiarcha,
1024 2046 1056 2101 et
1071 2039 1213 2101 doctrina
1231 2044 1296 2102 0111

372 2120 594 2187 archihaeresis
615 2121 715 2186 110111.

433 2195 484 2268 21.
507 2203 566 2281 Qui
588 2211 690 2267 autem
703 2203 819 2266 audent
833 2204 955 2266 Christo
977 2207 1090 2283 dicere,
1112 2198 1145 2267 11
1167 2226 1201 2267 01
1223 2207 1295 2268 hae·
1404 2229 1405 2236 ¹

371 2289 501 2368 reticos,
531 2296 562 2349 01
583 2288 775 2351 daemonum
804 2288 975 2349 doctrinam
1010 2290 1124 2368 doces,
1160 2292 1295 2351 scientes
1404 2327 1405 2362 ,

371 2371 471 2451 ipsum
495 2370 647 2433 Christum
670 2372 768 2433 Deum
792 2378 824 2432 at
845 2372 1011 2433 Dominum
1034 2392 1114 2450 0110,
1136 2392 1228 2453 quem
1251 2377 1296 2435 sic
1404 2395 1405 2398 ¹

371 2454 401 2513 in
425 2471 460 2515 01
483 2453 714 2536 blasphemant,
737 2454 769 2515 hi
790 2472 854 2515 non
877 2461 996 2537 septem
1020 2456 1075 2516 sed
1097 2458 1295 2537 septuaginta
1404 2469 1405 2486 ¹

371 2543 490 2617 septem
512 2536 714 2600 daemonibus
737 2538 786 2599 vel
801 2537 976 2619 legionibus
991 2540 1093 2619 potius
1107 2539 1295 2601 daemonum

370 2618 523 2698 possideri
546 2621 691 2683 credendi
714 2627 785 2683 sunt
797 2619 843 2703 ²).

358 2741 368 2750 -
432 2704 481 2767 22.
505 2702 574 2764 Ηο0
611 2712 713 2767 autem
751 2704 1016 2785 impudentissime
1055 2704 1129 2766 iacit
1161 2706 1295 2767 ecclesia

369 2803 470 2865 papae
498 2788 599 2848 101011
632 2794 664 2851 01
685 2788 811 2866 voleus,
834 2806 902 2848 cum
924 2787 1056 2849 fateatur
1079 2798 1111 2849 01
1130 2788 1221 2849 fateri
1244 2809 1295 2851 co·
1404 2813 1405 2850 3

370 2874 469 2949 gutur,
488 2888 561 2931 esse
583 2870 695 2933 Christi
716 2872 951 2950 institutionem,
975 2889 1065 2951 quam
1088 2872 1225 2935 damnat.

432 2954 481 3017 23.
502 2950 553 3015 810
586 2956 668 3015 euim
701 2955 899 3016 sacerrimum
938 2953 1014 3014 illud
1053 2954 1295 3017 conciliabulum

370 3034 606 3099 Constantiense
633 3056 688 3099 seu
723 3036 874 3099 colluvies
906 3038 1008 3098 verius
1045 3040 1297 3101 exsecratissima
1404 3037 1405 3130 l

369 3119 557 3198 perditorum
579 3120 785 3201 sophistarum
815 3128 846 3181 et
866 3122 1095 3182 canonistarum
1124 3122 1221 3184 audet
1243 3144 1296 3185 ore
1404 3173 1405 3192 ,

368 3200 476 3263 rabido
498 3203 530 3263 11
554 3203 706 3265 Christum
731 3204 897 3266 Dominum
919 3204 1039 3283 gloriae
1061 3223 1199 3271 vomere.

431 3285 480 3350 24.
503 3286 590 3347 Licet
603 3287 741 3348 Christus
758 3293 831 3368 post
843 3305 973 3347 coenam
995 3289 1160 3349 instituerit
1181 3299 1312 3360 utram-¹
1404 3265 1405 3342 l

370 3387 429 3449 que
451 3370 604 3451 speciem,
638 3377 670 3433 et
696 3371 726 3432 in
756 3370 890 3434 ecclesia
918 3372 1072 3451 primitiva
1100 3372 1228 3435 slaicis
1251 3376 1296 3435 ita
1404 3363 1405 3412 i

371 3454 574 3534 reciperetur,
609 3462 711 3516 111101
745 3455 808 3516 hoc
830 3473 893 3515 non
926 3453 1069 3516 obstante
1098 3457 1294 3519 consuetudo
1404 3521 1405 3534 ,

368 3544 417 3596 111
440 3555 494 3617 pro
519 3538 588 3618 lege
611 3538 753 3599 habenda
776 3545 836 3602 etc.

433 3622 481 3684 25.
505 3620 563 3681 Hic
584 3621 670 3683 vides
697 3623 728 3682 in
752 3622 886 3683 ecclesia
913 3640 1014 3702 popae
1036 3624 1294 3686 consuetudinem
1404 3649 1405 3702 3

368 3702 506 3764 incertae
527 3704 654 3785 originis
677 3712 708 3765 et
728 3706 844 3767 autoris
866 3724 922 3787 pro
946 3706 1015 3786 lege
1030 3707 1213 3787 simpliciter
1235 3721 1295 3775 111-
1404 3725 1405 3774 i

369 3787 422 3863 tui,
446 3806 529 3849 mera
553 3796 635 3851 corte
658 3789 784 3853 malitis.

439 3984 467 4048 1)
487 3984 518 4038 In
538 3987 581 4039 ed.
604 3988 684 4043 1558}
706 3992 841 4045 videntur.
889 3992 919 4054 2)
939 3988 971 4043 11
988 3988 1036 4042 ed.
1058 3988 1128 4045 1558
1154 3991 1231 4043 etin
1250 3991 1293 4045 ed.
1404 4059 1405 4066 ἵ

368 4052 440 4107 iem:
462 4058 557 4111 crediti
577 4065 649 4111 suut.
