3159 4792
355 511 420 580 270
692 515 777 569 suis
796 514 894 572 seona
914 515 946 569 r.

399 702 428 784 i)
451 702 553 778 Quam
575 705 670 766 multa
695 705 746 766 hia
772 703 906 766 dicenda
927 710 1046 783 essent,
1079 702 1134 764 ssd
1156 719 1284 786 paroen-

399 787 469 848 dum
492 788 545 866 iis,
579 790 629 868 qui
651 790 782 869 posteris
815 789 875 870 ipsi
897 789 959 848 suis
980 806 1043 848 non
1066 805 1106 867 pe
1130 793 1282 848 eruerunt.

399 871 458 931 Die
478 871 551 930 mihi
574 879 687 951 autem,
710 890 801 952 quam
814 889 909 934 vonas
923 871 1075 932 ecelesiae
1087 806 1284 931 libertatem?

398 953 439 1013 Et
459 971 520 1034 qua
541 954 586 1015 illi
612 973 691 1036 opus
712 955 785 1016 estl-
802 954 980 1017 Liuentiane
1000 952 1181 1033 diripiendi,
1205 953 1283 1013 frau-

399 1035 502 1114 dandi,
516 1056 624 1098 omnes
636 1040 755 1118 iniuria,
772 1036 925 1100 benefioio
937 1038 1090 1097 neminem
1104 1035 1285 1096 affioiendil

398 1121 437 1194 lr)
462 1119 532 1181 Non
565 1121 766 1203 degenerabit
797 1141 817 1182 a
838 1122 950 1181 virtute
971 1119 1121 1182 Maiomm
1156 1137 1284 1181 suorum

398 1202 578 1282 Germania,
613 1224 653 1266 ne
684 1206 775 1266 time:
811 1203 963 1283 quaedam
991 1204 1082 1264 etiam
1104 1202 1286 1264 emendabit

398 1305 560 1366 perperam
583 1288 621 1349 ab
644 1288 705 1349 illis
726 1288 874 1351 instituta.
993 1333 994 1338 η

399 1369 428 1444 l)
452 1368 545 1449 Atqui
578 1389 641 1431 non
672 1391 741 1432 esse
762 1390 833 1433 reor
865 1371 897 1430 in
919 1369 1086 1431 Germania
1107 1369 1284 1429 haereticos

398 1451 504 1530 hodie,
525 1454 583 1514 nisi
606 1472 684 1534 quos
707 1462 739 1516 tu
762 1455 820 1515 alis
834 1455 867 1514 in
884 1472 1078 1514 oommunem
1101 1452 1283 1534 pernitiem.

399 1534 448 1619 m)
473 1535 552 1597 Sat-is
575 1536 736 1618 gratiflaati
759 1536 814 1599 tibi
837 1543 916 1598 sunt.

398 1618 437 1701 ιι)
462 1619 490 1679 A
511 1620 600 1681 vobis
622 1620 798 1682 oonfirmari
827 1626 965 1701 oportet,
997 1620 1023 1679 si
1051 1618 1123 1700 quid
1146 1623 1283 1679 statuant

399 1704 497 1763 nostri
516 1703 744 1784 Imperatores?
766 1704 794 1766 Ο
814 1703 958 1785 indignos
980 1701 1041 1763 boo
1063 1719 1207 1781 munere,
1232 1703 1282 1780 qui

398 1783 440 1846 ad
458 1786 588 1847 aliorum
631 1789 800 1868 raaseripta
820 1788 980 1868 imperant.

400 1865 439 1951 o)
462 1869 527 1930 Nos
550 1807 673 1950 quidem
695 1889 801 1932 aarere
820 1870 1020 1947 decrevimus,
1043 1885 1168 1950 magno,
1191 1885 1282 1946 quae·

399 1970 519 2032 onnque
542 1953 665 2014 fortune
686 1954 734 2033 sit,
756 1955 861 2014 animo
879 1953 1050 2014 libertatem
1074 1951 1221 2012 invasuri.
1243 1950 1283 2010 Et

398 2035 457 2094 iam
482 2055 543 2096 non
565 2039 712 2117 potestati
745 2035 868 2116 quidem
891 2042 977 2114 tuae,
1012 2035 1067 2096 sed
1089 2033 1281 2116 improbitati

397 2119 576 2180 resistimus.
599 2119 658 2197 Tu,
679 2121 705 2180 si
726 2120 854 2182 nimium
866 2118 1005 2198 oonfidis,
1028 2137 1097 2180 asse
1117 2117 1167 2177 hie
1189 2118 1282 2178 etiam

398 2201 506 2263 leones
529 2205 713 2283 memineris,
736 2204 761 2264 si
784 2222 848 2265 non
871 2203 945 2263 satis
967 2208 1038 2262 sunt
1059 2201 1192 2282 aquilae.

439 2285 540 2346 Testis
563 2294 610 2347 est
638 2288 671 2347 in
693 2287 825 2348 oonsilio
849 2286 1118 2358 Constanliensia)
1143 2281 1282 2344 Hussita

357 2388 423 2430 rum
446 2388 484 2429 aa
505 2370 771 2450 Vuialevistarum,
793 2389 852 2430 neo
874 2388 935 2429 non
954 2367 1137 2450 Hieronymi
1147 2367 1284 2448 Pragan-

359 2451 400 2511 sis
429 2451 575 2513 damnata
604 2472 645 2513 ao*
674 2455 781 2534 punita
809 2451 946 2532 perfidia.
988 2452 1090 2512 Testis
1119 2457 1168 2512 est
1189 2453 1283 2512 toties

359 2541 468 2594 oonba
499 2535 655 2597 Bohemos
693 2536 920 2598 Germanorum
950 2537 1075 2616 sanguis
1109 2533 1283 2611 effusura).

357 2615 459 2677 Testis
480 2617 613 2698 denique
635 2625 682 2680 est
702 2618 928 2700 praedictorum
951 2637 1105 2695 errorum,
1128 2633 1183 2676 seu
1206 2617 1281 2677 mul-

359 2704 458 2759 tarum
478 2713 521 2761 ex
544 2704 604 2784 eis,
637 2721 693 2783 per
714 2702 932 2763 coloniensem
962 2709 993 2763 et
1015 2699 1279 2778 Lovaniensem¹)

358 2781 646 2863 Universitstese),
679 2793 788 2867 utpote
815 2787 880 2868 agri
909 2783 1097 2861 dominioid)
1127 2784 1283 2863 piissimas

360 2864 669 2949 religiosissimaeque
689 2870 846 2948 oultriaes,
869 2887 931 2930 non
954 2870 1053 2930 minus
1076 2867 1168 2928 dueta
1190 2886 1282 2947 quam

358 2959 473 3030 verae)
496 2970 534 3011 aa
555 2952 695 3029 sanotaf)
719 2953 908 3031 ooniutatio,
931 2951 1124 3034 reprobatio,
1147 2958 1178 3011 et
1199 2950 1283 3011 dam-

358 3033 453 3094 natio.
497 3035 594 3096 Mults
606 3055 730 3117 quoque
740 3035 801 3097 alia
813 3035 949 3116 allegare
964 3051 1125 3116 possemus
1137 3033 1179 3116 a),
1192 3052 1284 3113 quae,

358 3133 402 3213 ιιι
419 3117 576 3182 historiam
600 3127 705 3181 texere
726 3119 896 3198 videamur,
918 3117 1190 3199 praetermittenda
1213 3135 1283 3178 aen-

358 3217 481 3261 surmus.

402 3364 454 3447 (ut
474 3366 595 3450 debuit)
619 3368 754 3447 libertas,
776 3366 831 3429 sed
853 3373 956 3430 vestra
971 3367 1080 3448 (quod
1101 3367 1283 3448 pudendum

399 3454 464 3527 est)
488 3453 626 3532 tyrannis
639 3451 864 3530 moderabatur,
886 3459 919 3512 nt
939 3470 1021 3512 nunc
1033 3452 1152 3512 Rornae
1174 3452 1283 3511 neseio

398 3535 471 3614 quid
493 3534 688 3596 conciliabuli
710 3534 823 3614 habes,
852 3537 883 3595 in
907 3553 967 3615 quo
990 3553 1088 3615 nuper
1110 3539 1284 3594 statuerunt

399 3617 522 3679 tandem
545 3617 703 3698 Gopiistae
723 3619 783 3696 tui,
813 3619 946 3678 animam
975 3637 1044 3678 esse
1064 3617 1283 3678 immortalem.

399 3700 436 3782 b)
452 3702 545 3763 Cuius
567 3703 611 3761 rei
631 3707 754 3762 autores
770 3701 892 3762 inerunt
912 3701 1098 3783 sanguinarii
1121 3700 1283 3761 Romanae

400 3785 550 3846 ecelesiae
574 3785 731 3864 episeopi,
760 3802 823 3845 non
847 3784 948 3866 digni,
982 3784 1090 3863 quibus
1113 3783 1152 3844 de
1175 3783 1282 3863 loque-

398 3875 502 3928 rentur
535 3868 634 3928 amiae
663 3868 772 3948 populi
795 3866 1036 3948 septentrionis,
1073 3866 1186 3928 nedum
1224 3885 1281 3950 pro

420 3999 513 4125 ¹{ptem
532 3999 574 4053 ed.
595 3997 728 4052 tldnehii:
755 3995 936 4051 Calontenses
963 3997 990 4046 et
1008 3992 1195 4046 Loranianses
1215 3989 1279 4044 Uni·

356 4084 419 4126 vers
488 4087 510 4125 a.

399 3290 433 3360 a)
460 3283 487 3344 0
510 3284 701 3363 praealarum
728 3284 910 3364 eonsilium,
945 3284 1027 3363 quod
1050 3284 1134 3344 nulla
1156 3247 1295 3364 publiea³
