3159 4792
611 476 641 530 ⁰·
660 475 835 581 ciucc-
1131 473 1212 570 1⁶².

355 663 417 724 Vix
439 664 521 724 enim
543 665 610 725 sine
631 665 706 725 vitio
730 664 876 743 celebrat,
897 665 949 744 qui
970 666 1068 746 magis
1089 684 1197 727 secure

276 746 413 824 aceedit,
439 748 510 826 quie
531 746 691 809 'confessus
713 755 775 825 est,
798 763 888 826 quam
911 747 982 827 quia
1002 747 1085 808 Deus
1107 747 1196 809 miss-

275 830 369 890 ricors
409 839 470 909 est,
503 831 566 891 imo
603 836 668 891 tota
701 832 842 911 impietas
878 831 956 892 bsec
983 837 1030 892 est
1059 826 1195 893 omnino.

276 912 402 973 Summe
433 914 514 974 enim
544 933 727 974 summarum
758 921 821 974 est:
852 914 939 974 Beati
965 913 1017 994 qui
1039 913 1198 975 confidunt

276 997 306 1054 in
341 996 535 1071 Domin01).
579 995 710 1072 Quando
738 998 769 1057 in
791 998 925 1058 Domino
955 996 1060 1076 audis,
1092 999 1196 1076 utique

276 1078 434 1159 intelliges
447 1078 479 1157 ²)
504 1080 657 1141 infelicem
680 1100 766 1159 eum,
797 1082 848 1159 qui
870 1078 997 1142 confidit
1018 1082 1049 1140 in
1072 1080 1198 1159 aliquid,

277 1161 484 1241 quodcunque
508 1180 570 1224 non
594 1170 640 1223 est
661 1162 729 1244 ipse
749 1163 915 1244 Dominus,
938 1163 1059 1243 qualem
1081 1165 1200 1224 faciunt

278 1246 404 1306 artistae
426 1244 469 1305 illi
500 1244 675 1307 confitendi.
719 1244 800 1321 Quid
822 1248 903 1307 enim
929 1246 1004 1307 fecit
1029 1266 1078 1306 ers
1100 1246 1196 1307 conli-

277 1326 369 1405 tendi,
393 1327 451 1388 nisi
475 1328 566 1408 quod'
579 1328 714 1391 abolevit
735 1334 833 1390 artem
855 1337 886 1390 et
907 1349 995 1390 usum
1017 1328 1196 1409 confitendi,
1295 1360 1302 1373 ι

278 1417 309 1470 ut
332 1411 459 1472 multum
483 1410 631 1492 confiteri,
653 1410 727 1472 nibil
749 1412 906 1474 confidere
928 1412 1136 1474 disceremus?

635 1576 839 1640 Duodecimn.

359 1728 393 1788 ln
416 1728 536 1789 casibus
558 1728 721 1788 reservatis
743 1728 829 1788 multi
853 1735 1012 1807 vexantur,
1035 1747 1105 1810 ego,
1127 1731 1200 1810 quie

276 1812 341 1873 scio
379 1810 465 1891 leges
508 1810 665 1871 bominum
701 1816 846 1891 oportere
881 1811 1014 1893 epiikiae
1047 1812 1199 1874 subiectas

278 1912 366 1972 esse,
389 1900 421 1954 et
441 1894 509 1974 plus
532 1892 571 1954 ad
592 1893 729 1955 favorem
753 1908 846 1973 quam
868 1895 1000 1977 rigorem
1021 1895 1196 1976 trahendas,

278 1996 385 2038 eorum
414 1994 526 2057 sequor
553 1993 641 2036 usum
668 1982 698 2037 et
721 1977 899 2057 consilium,
929 1979 980 2059 qui
1006 1980 1057 2063 in..
1065 1980 1200 2059 peccatis

278 2059 409 2122 occultis
431 2060 546 2120 nullum
569 2062 717 2120 reservari
746 2078 851 2121 cesum
880 2068 1022 2123 censent:
1057 2062 1127 2124 ideo
1149 2062 1200 2124 ab·

279 2142 450 2205 solvendos
472 2161 541 2203 esse
563 2160 680 2222 omnes,
701 2161 830 2223 quorum
845 2144 966 2205 occulta
977 2152 1047 2206 sunt
1062 2152 1200 2226 peccata,

280 2232 314 2287 nt
335 2232 408 2287 sunt
428 2232 557 2307 peecata
570 2227 668 2286 carnis
681 2245 735 2287 seu
752 2224 886 2288 libidinis
907 2229 1115 2309 cuiuscunque
1135 2248 1202 2309 spe·

278 2309 352 2388 ciel,
386 2310 604 2391 oppressiones
625 2309 784 2370 infantium
810 2316 841 2372 et
862 2310 980 2373 similia.
1022 2311 1089 2371 Nec
1119 2312 1200 2371 enim

281 2392 437 2475 praesumi
458 2391 550 2454 debet
577 2392 656 2452 ullus
679 2393 819 2473 pontifex
841 2393 976 2455 voluisse
1013 2395 1045 2455 in
1073 2394 1202 2455 occultis

281 2476 419 2556 peccatis
440 2480 487 2537 tot
507 2474 635 2555 laqueos
658 2484 689 2535 et
707 2476 844 2556 pericula
865 2476 1025 2538 animabus
1046 2496 1172 2558 ponere.

365 2558 479 2618 Verum
503 2557 555 2620 ubi
587 2556 749 2639 publicum
768 2560 858 2620 fuerit
885 2562 999 2621 crimen
1028 2578 1082 2620 sen
1111 2580 1201 2621 casus

281 2646 458 2703 reservatus
480 2641 668 2721 manifestus,
691 2645 817 2704 omnino
839 2645 985 2723 potestati
1006 2642 1203 2706 deferendum

281 2731 342 2803 est,
365 2725 430 2784 sive
443 2724 481 2784 sit
501 2739 601 2803 aequa
614 2726 680 2785 sive
689 2726 861 2805 iniqira.'ln
877 2744 937 2807 quo
946 2732 1051 2788 tamen
1074 2728 1119 2788 sic
1139 2746 1203 2789 mo·

281 2808 407 2868 deretur
428 2806 588 2867 confessor
608 2809 670 2867 vim
692 2808 803 2886 clavis,
834 2828 874 2869 ne
902 2809 1100 2871 confitentem
1124 2811 1204 2872 sinat

279 2893 349 2951 sine
372 2890 567 2951 absolutione
596 2889 697 2969 abire,
730 2892 838 2953 saltem
868 2910 972 2952 eornm
995 2900 1203 2973 peccatorum,

280 2992 361 3053 quae
393 2978 550 3034 reservata
580 2990 643 3033 non
677 2990 746 3034 esse
774 2974 886 3034 scierit.
929 2973 1120 3053 Quamquam
1144 2991 1203 3055 ego

278 3055 478 3117 iamdudum
507 3054 638 3135 fluctuo,
665 3056 796 3118 necdum
830 3057 992 3117 stationem
1027 3056 1205 3136 disputatio·

281 3140 331 3199 nis
353 3140 498 3219 propriae
520 3141 691 3221 composui,
713 3159 752 3199 an
774 3140 874 3220 possit
894 3138 974 3199 ullus
988 3155 1079 3201 cesus
1100 3138 1204 3219 quoad

279 3223 495 3283 remissionem
518 3223 627 3303 culpae
648 3225 813 3301 reservari,
836 3227 890 3283 aut
910 3239 1045 3303 unquam
1065 3242 1201 3284 reserva·

280 3312 331 3367 tus
353 3306 408 3382 sit,
438 3316 571 3386 poenam
593 3307 742 3367 reservari
763 3324 826 3367 non
849 3313 896 3367 est
918 3306 1058 3387 dubium,
1080 3304 1120 3367 de
1142 3326 1202 3387 quo

281 3396 350 3450 esto
373 3388 503 3448 eliorum
524 3386 668 3448 iudicium
681 3387 718 3471 3).

366 3470 429 3533 sed
459 3486 517 3531 nec
555 3472 585 3531 in
629 3490 751 3551 poenae
787 3472 968 3533 remissione
996 3471 1122 3533 nimium
1168 3472 1209 3531 sit

282 3553 484 3635 scrupulosus
508 3554 667 3615 confessor
687 3554 736 3615 vel
759 3553 918 3617 confitens.
961 3555 1103 3618 Poenam,
1119 3553 1207 3614 intel-

279 3638 344 3719 ligo
374 3638 740 3716 excommunicationem,
776 3638 827 3698 vel
858 3637 1026 3716 quamlibet
1052 3636 1204 3698 ecclesiae

283 3722 462 3799 ceir'sursm,
489 3736 561 3795 seu,
589 3726 623 3781 ut
644 3726 772 3799 vocant,
797 3720 927 3781 fulmina
954 3726 986 3781 et
1006 3720 1119 3781 tonitru
1142 3738 1207 3784 sua.

359 3944 390 4011 t)
411 3942 442 3995 ln
463 3940 506 3995 ed.
526 3941 596 3997 lens
614 3940 755 3995 confidunt
773 3942 896 3996 domino.
916 3940 949 4010 2)
969 3938 1050 3994 lbid.:
1068 3940 1211 4014 intelligis.

283 4018 316 4085 3)
340 4014 377 4069 ln
395 4012 437 4070 ed.
457 4012 541 4084 orig.:
560 4013 676 4069 aliorum
696 4012 772 4067 aliud
789 4010 931 4068 indicium.
