3159 4792
350 490 415 559 280
494 474 499 481 κ
686 489 767 546 Bnlle
785 493 883 548 leonis
901 492 935 549 X.

368 678 486 742 ‚tnsbis
506 678 629 765 stateem
652 687 756 761 tunm,
785 682 857 762 quin
881 682 981 763 potins
1003 680 1195 743 revelatione
1217 680 1274 741 tao

388 772 429 825 ta
450 764 587 825 veritatis
609 764 702 826 sedat
721 784 806 827 error
828 766 963 842 veritati,
994 771 1028 825 ut
1048 773 1131 826 seote
1153 765 1183 824 in
1206 782 1276 824 oon-

396 848 468 909 oilio
502 846 747 929 Carthaginiensi
780 850 900 910 monuit
927 847 1079 911 Zosimus.
1129 846 1189 907 Sed
1216 847 1276 907 iam

398 930 505 1011 pluris,
526 950 618 1009 qnam
641 933 788 1011 oportuit,
810 932 1004 1013 interpellavi
1018 938 1059 993 ts.
1101 930 1196 1012 Igitur
1210 930 1277 991 Bul·

398 1013 462 1075 lam
484 1033 681 1094 prosequere.
1018 1086 1020 1089 ,

438 1096 497 1171 Qui
533 1097 654 1177 quidem
690 1117 811 1160 errores
843 1099 1016 1179 respective
1025 1102 1055 1171 a)
1091 1116 1181 1177 quam
1220 1096 1281 1157 sint

356 1180 511 1260 pestiferi,
538 1200 630 1260 quam
652 1183 833 1262 perniciosi,
857 1202 948 1261 quam
971 1180 1163 1259 seandalosi,
1188 1199 1279 1259 quam

355 1263 474 1343 piarum
497 1270 529 1324 et
550 1264 733 1344 simplioium
768 1266 915 1326 mentium
945 1264 1160 1338 seduotivib]‚
1189 1282 1279 1342 quam
1401 1338 1402 1341 Ἴ

252 1407 254 1414 ,
356 1344 489 1425 deniqne
511 1348 733 1423 sintoontrac)
758 1367 882 1409 omnem
906 1349 1064 1409 sanitatem
1085 1362 1123 1408 ac
1145 1346 1175 1407 S.
1189 1346 1279 1408 Rom.
1401 1356 1402 1393 ³

358 1429 526 1509 eeclesiae,
558 1432 664 1491 matris
693 1432 829 1492 omnium
851 1431 986 1492 fidelium
1000 1430 1033 1504 d)
1057 1439 1090 1492 et
1116 1430 1283 1511 magistrae

356 1510 481 1591 fideie),
503 1515 716 1591 reverentiam,
740 1522 832 1595 etque
845 1533 971 1589 nervom
993 1512 1222 1580 ecclesiastieae
1240 1512 1282 1573 di·
1401 1514 1402 1591 ξ

278 1602 281 1622 ’
357 1594 556 1679 soiplinsef),
578 1596 783 1660 obedientiam
800 1598 968 1676 soilioets),
989 1615 1071 1677 quae
1091 1597 1160 1667 fons
1184 1604 1232 1657 est
1253 1604 1284 1657 et

357 1678 446 1761 origo
470 1682 605 1741 omnium
627 1682 788 1760 virtutum,
825 1683 893 1743 sine
927 1697 988 1760 qna
1007 1680 1098 1741 faoile
1120 1681 1280 1759 unusquis·
1401 1696 1402 1713 ²

357 1780 418 1840 qne
437 1761 612 1837 infidelish)
638 1782 707 1825 esse
730 1766 944 1843 convincitur,
965 1783 1058 1824 nemo
1081 1779 1177 1823 sense
1199 1782 1282 1845 mep-
1401 1768 1402 1817 ἶ

358 1846 396 1905 tis
417 1843 586 1928 ignorati).
986 1866 988 1873 ⁴
1107 1868 1110 1879 ·
1401 1848 1402 1859 ¹

393 1926 435 2011 n)
460 1926 528 1989 Hoo
548 1930 721 2009 respective
748 1929 820 2009 quid
849 1930 917 1990 est?
954 1929 1011 1990 Dio
1032 1936 1154 2009 aperte,
1186 1936 1234 1989 ut·
1253 1936 1283 1990 te

397 2012 564 2090 sapiamus.
597 2010 634 2088 b)
661 2010 692 2073 si
720 2011 759 2072 sd
780 2012 986 2074 insatiabilem
1017 2018 1099 2072 tuem
1122 2013 1281 2072 avaritiam

398 2094 543 2174 respioiat
563 2095 641 2172 quis.
664 2100 702 2171 o)
724 2094 783 2156 llio
805 2103 888 2157 tuem
904 2096 1125 2158 conscientiam
1147 2096 1285 2175 appelle,

398 2177 543 2257 Deoime,
574 2178 632 2237 nisi
654 2197 749 2239 vooas
771 2180 932 2241 natitatem
956 2186 988 2239 tu
1011 2176 1153 2239 servilem
1164 2224 1179 2259 ,⁴
1205 2198 1285 2257 quse

398 2259 455 2322 tibi
476 2259 520 2336 fit,
545 2259 776 2324 subiectionem.
1046 2258 1049 2265 ‘

400 2342 438 2423 d)
464 2343 628 2404 Violentae
650 2343 832 2425 tyrannidis,
850 2348 881 2405 et
903 2363 982 2425 quae
1004 2342 1070 2405 fieri
1092 2360 1151 2404 neo
1173 2344 1283 2423 possit,
1401 2340 1402 2347 '

398 2446 458 2487 neo
478 2426 606 2502 debeat,
630 2430 740 2505 auique
760 2428 823 2487 hoo
843 2428 1022 2508 praesertim
1043 2434 1188 2507 tempore
1211 2427 1285 2487 resi-

398 2510 437 2569 sti
463 2516 608 2589 oporteat
625 2511 860 2573 animosissime.

397 2590 433 2672 e)
460 2590 576 2669 Qualis,
598 2591 680 2653 bone
704 2593 835 2673 Christe,
856 2591 929 2654 fidei
950 2594 1097 2673 magistro
1119 2599 1182 2671 est,
1205 2612 1284 2673 qnae

397 2674 552 2754 publioam
583 2673 674 2736 fidem
708 2676 814 2739 abolet
848 2684 880 2737 et
900 2676 1070 2738 interfecto
1085 2676 1283 2738 iureiurando
1401 2660 1402 2721 ἶ

397 2758 538 2837 peierare
559 2756 743 2832 nos‘dooet
767 2759 950 2838 areligione
971 2766 1073 2821 antem
1088 2758 1284 2821 alienssdeo
1401 2794 1402 2797 =

398 2847 460 2916 est,
496 2847 530 2900 ut
563 2858 701 2903 scomma
722 2843 841 2903 Romae
879 2844 933 2904 sit:
962 2842 1050 2903 bene
1077 2842 1283 2903 Christianum

398 2923 474 3002 dioi3
496 2932 528 2983 te
547 2942 623 2985 vero
645 2924 732 3005 ridet,
754 2934 900 3004 tuumque
922 2931 1060 2986 sonetum
1079 2922 1285 3007 Evangelinm

398 3006 492 3067 habet
512 3026 568 3087 pro
591 3007 706 3069 fabula.
749 3007 848 3070 Perde
870 3026 938 3086 nos,
961 3008 1097 3084 Christe,
1120 3010 1180 3069 nisi
1207 3008 1286 3069 haee

397 3090 442 3150 ita
462 3088 628 3174 baben't1).

397 3173 424 3236 ft
452 3171 550 3246 Qnam
573 3181 622 3234 est
641 3172 843 3253 imbeoille²)
864 3191 995 3257 eorpus,
1019 3173 1186 3254 quodquod
1210 3174 1286 3236 illud

398 3261 455 3332 est,
477 3256 558 3335 quod
582 3256 691 3317 talibus
713 3258 815 3318 nervis
837 3258 961 3339 regitur.

399 3340 438 3417 g)
460 3339 559 3422 Magis
590 3345 714 3419 oportet
746 3340 873 3402 obedite
895 3342 962 3402 Deo
986 3338 1076 3420 qnam
1100 3339 1287 3417 hominibus,

398 3420 536 3484 Deoims.
568 3421 749 3483 litantem
772 3427 856 3500 (oum
872 3424 1031 3505 Apostolis
1049 3424 1175 3484 dioimns
1200 3423 1286 3499 tibit,

400 3505 425 3563 si
449 3505 561 3565 iustum
592 3511 640 3565 est
660 3507 692 3565 in
722 3514 891 3586 conspeetu
908 3507 971 3567 ¹Dei
1003 3515 1033 3567 te
1055 3506 1157 3587 potins
1179 3505 1288 3567 audire

400 3606 492 3665 qnam
513 3588 630 3663 Deum,
662 3588 765 3649 iudios
792 3608 866 3667 nos,
900 3609 979 3669 quae
1002 3590 1139 3651 Christus
1170 3589 1287 3670 doouit,

401 3690 464 3731 non
486 3689 650 3750 possumus
673 3691 736 3732 non
759 3678 790 3733 et
804 3672 960 3754 loquendo
983 3674 1069 3753 sequi
1082 3678 1113 3733 et
1130 3671 1286 3735 faciendo.

402 3753 440 3828 b)
464 3754 569 3814 Potius
590 3752 731 3815 infideles
753 3755 916 3819 arbitrarer
937 3776 1085 3825 essenos.
1109 3755 1133 3815 si
1157 3754 1212 3816 tibi
1234 3775 1286 3836 pe·

433 3918 462 3980 1)
480 3912 513 3969 In'
531 3917 594 3970 edit.
614 3916 740 3973 illinon:
774 3916 920 3972 habentur.
956 3916 990 3984 2)
1011 3916 1129 3973 ibidem:
1150 3932 1235 3985 quem
1247 3922 1291 3973 sst

361 3986 415 4040 hoe
432 3989 569 4043 imbecille
586 4004 695 4057 eorpus.
1274 4040 1276 4047 ,
