3159 4792
580 519 677 573 contr'a
695 514 805 575 error'cs
825 518 858 575 ll.
878 520 955 573 Luth.
1031 510 1040 521 “
1168 516 1229 582 301

307 705 345 766 atl
370 705 510 783 verbum,
532 720 596 767 non
619 714 720 765 autem
740 702 800 786 psr
820 704 975 766 clausulas
997 701 1176 783 generales,
1197 702 1229 763 id

306 789 512 869 importantes
564 788 602 848 de
653 789 796 849 indutio>
818 786 992 849 huiusmodi
1032 787 1232 862 mentionem,

306 870 451 932 eiusdem
489 871 598 932 indulti
640 880 779 950 tenores,
832 891 960 949 causas,
1027 880 1057 929 et
1107 869 1230 947 formas,

235 965 239 980 ’·
306 954 437 1053 perinde
469 973 507 1015 ac
535 956 562 1014 si
590 956 629 1015 de
657 957 752 1016 verbo
780 956 820 1015 ad
853 954 978 1016 verbum
1015 954 1229 1031 insererentur,

304 1040 349 1098 ita
372 1045 406 1097 ut
427 1038 553 1099 omnino
576 1038 714 1117 tollatur,
755 1038 968 1119 praesentibus
996 1056 1052 1116 pro
1075 1038 1229 1117 expressis

303 1121 465 1203 habentes
601 1128 611 1146 ι

350 1219 524 1298 a)0mnia
558 1224 725 1302 perrumpit
752 1222 814 1281 boc
840 1191 971 1295 fulmen,
1008 1220 1126 1279 etiamsi
1157 1240 1229 1300 apo·

348 1303 492 1363 stolicum
515 1315 690 1383 opponatur
711 1305 793 1383 qnid
828 1304 930 1384 Atque
950 1304 994 1363 ita
1011 1302 1155 1363 Batauam
1179 1326 1229 1363 ex-

347 1386 437 1466 pellit
460 1386 601 1465 Satanas,
624 1395 657 1447 ut
681 1406 752 1467 spes
774 1388 832 1464 sit,
855 1386 984 1447 divisum
1008 1387 1073 1445 eius
1095 1388 1173 1446 intra
1195 1404 1228 1446 se

349 1488 478 1565 regnum
501 1488 576 1529 mox
598 1471 754 1533 ruiturum.
798 1470 834 1545 b)
861 1469 1023 1531 Adamant
1003 1470 1073 1529 trnis
1094 1469 1169 1547 illis,
1198 1458 1229 1530 ei·

346 1552 472 1614 maximi
494 1554 593 1613 emtis.

389 1649 514 1734 Nullis)
538 1659 613 1734 ergo
636 1654 763 1714 omnino
780 1652 938 1715 hominum
961 1652 1054 1713 liceat
1075 1652 1155 1713 hanc
1175 1672 1228 1733 pa-

304 1736 411 1816 ginam
435 1744 559 1796 nostrae
582 1736 854 1815 damnationisb),
875 1735 1111 1816 reprobationis,
1134 1738 1226 1796 reiec-

294 1820 414 1895 tionis,
437 1818 561 1895 decreti,
584 1818 813 1895 declarationis,
835 1819 1035 1894 inhibitionis,
1051 1818 1225 1897 voluntatis,

302 1901 451 1980 mandati,
469 1902 665 1979 hortationis,
679 1902 910 1981 obsecrationis,
931 1902 1148 1981 requisitionis,
1162 1922 1225 1963 mo·

302 1985 441 2061 nitionis,
463 1986 693 2066 assignationis,
716 1986 944 2047 concesssiouis
965 1982 1018 2064 ιι,
1041 1985 1224 2045 condemna-

302 2069 414 2147 tionis,
436 2068 651 2146 subiectionis,
674 2068 1018 2146 excommunicationis,
1049 2076 1080 2128 et
1101 2069 1225 2129 anathe-

303 2151 510 2211 matizationis
532 2150 713 2232 infringere,
745 2152 795 2213 vel
818 2154 846 2211 ci
868 2171 945 2213 ausu
967 2153 1129 2211 temerario
1153 2171 1225 2211 con-

303 2234 405 2297 traire
449 2233 481 2294 Si
503 2236 571 2313 quis
593 2242 696 2294 autem
719 2234 834 2295 boet
802 2254 820 2295 a
822 2242 954 2295 ttcntarc
977 2237 1224 2313 praesumpserit,

303 2316 595 2397 indignationem)
632 2320 852 2397 omnipotente
882 2317 956 2394 Dei,
997 2336 1033 2375 ac
1066 2316 1224 2378 beatorum

302 2399 441 2461 Petrict
463 2400 550 2460 Pauli
571 2400 784 2481 apostolorum
808 2401 889 2479 eius,
921 2420 955 2461 se
987 2402 1137 2461 noverit'
1129 2419 1228 2461 incur-

301 2502 417 2543 surum.

344 2586 380 2658 a)
407 2582 529 2644 Utinam
542 2602 651 2644 omnes
667 2584 772 2665 legant
794 2603 832 2645 ac
852 2584 1039 2665 intelligant,
1063 2593 1103 2661 ut,
1127 2584 1225 2663 qualis

344 2668 385 2726 sit
406 2666 515 2744 arbor,
539 2686 577 2727 ex
600 2666 697 2728 fructu
721 2667 839 2728 arboris
863 2676 1058 2747 pernoscant.
1104 2666 1172 2738 Hoc
1193 2669 1224 2747 in

343 2749 449 2829 primis
471 2757 630 2830 optamus,
658 2750 795 2811 Decime.
839 2750 969 2811 Tantum
993 2753 1095 2829 abest,
1126 2758 1159 2810 ut
1180 2770 1224 2824 re-

342 2832 451 2913 fugere
466 2833 528 2893 hoc
549 2840 634 2893 tuum
651 2833 816 2894 edictulum
839 2833 989 2897 volumus.
1025 2834 1070 2895 Sit
1090 2832 1151 2895 hoc
1171 2835 1224 2913 igi·

344 2924 393 2977 tur
414 2921 575 2977 anteactae
592 2918 674 2978 vitae
688 2917 896 2993 testimonium
918 2916 982 2996 tibi,
1003 2918 1054 2978 bic
1076 2925 1105 2976 tc
1124 2916 1225 2979 foetus

363 3000 463 3064 robet.

341 3022 382 3166 ¹b)
407 3083 569 3147 sexcentis
598 3086 773 3147 nominibus
800 3084 937 3147 inscribit
965 3084 1027 3144 tale
1049 3103 1135 3143 suum
1159 3091 1222 3143 tan-

343 3176 407 3228 tum
431 3166 586 3229 decretum
611 3170 764 3231 Decimus.

343 3248 379 3332 c)
405 3248 503 3325 Quam
524 3253 590 3313 int
577 3260 630 3313 tua
644 3252 843 3313 manuhabes
889 3250 967 3311 Nam
992 3249 1063 3330 quid
1086 3250 1221 3311 omnium

342 3340 401 3412 cst,
426 3334 525 3431 quod
530 3353 593 3395 non
607 3336 756 3415 arrogetis
780 3335 877 3411 vobis,
899 3332 1085 3395 Pontifices?
1107 3331 1224 3408 Quibus
1257 3346 1261 3351 ·

343 3436 402 3477 nos
425 3418 557 3479 vicissim
581 3437 649 3486 cum
672 3417 862 3502 Tertulliano
883 3416 1122 3498 respondemus:
1146 3416 1221 3475 Cum

342 3499 570 3572 damnamur²t
596 3520 615 3560 a
638 3495 750 3577 vobis,
768 3521 788 3561 a
809 3492 876 3561 Deo
906 3500 1110 3561 absolvemur.
1154 3496 1222 3559 Hoc

336 3600 401 3643 -nos
424 3581 553 3645 dirimat.

363 3684 474 3743 Datum
496 3684 616 3746 Romae
637 3684 718 3765 apud
740 3691 880 3745 sanctum
898 3683 1035 3760 Petrum,
1065 3684 1155 3743 Anno
1179 3684 1221 3745 iu·

371 3970 404 4033 1)
425 3968 456 4021 Iu
486 3969 528 4022 ed.
551 3968 629 4023 Jen:
657 3972 849 4023 confessionis
910 3972 942 4035 2)
961 3957 996 4023 ln
1025 3972 1068 4025 cd
1094 3971 1217 4065 llitnch:

299 4039 530 4097 condamnamur.
