3159 4792
356 480 421 553 276
696 480 775 547 Bolis
793 481 892 542 ieonis
911 481 943 544 x,
969 521 972 532 ·

400 675 566 756 Origenes,
588 674 683 751 Bede,
706 683 737 738 et
758 675 933 757 complures
956 673 1023 751 eiii,
1058 679 1091 736 nt
1111 674 1279 738 hnlncinoti

399 765 472 820 nunt
492 756 563 818 bic?
599 759 734 822 Proinde
769 760 880 820 summi
902 755 1060 820 Pontiflois
1085 764 1197 840 (snper
1218 778 1279 839 qno

398 841 543 903 tundetur
581 841 731 923 ecclesie)
763 849 829 919 est,
863 861 982 904 osorem
1010 842 1200 921 'scriptorem
1241 843 1280 903 ed

398 945 486 986 enom
508 923 624 986 libitum
646 944 796 1007 snemqne
818 925 975 988 libidinem
992 925 1197 1004 interpretari.
1220 925 1280 1001 Qui

399 1007 637 1087 contradixerit,
658 1009 832 1072 becretions
854 1015 943 1079 esto,
980 1014 1012 1068 et
1031 1006 1112 1068 tilius
1133 1008 1280 1088 fletnnee,

398 1093 563 1170 statimque
584 1091 781 1155 comburitor.
822 1091 901 1154 Nem
923 1091 974 1154 hio
1000 1097 1107 1152 noster
1127 1090 1192 1153 Leo
1219 1092 1280 1152 fec

401 1182 451 1235 tus
473 1181 535 1252 est,
566 1181 599 1236 et
620 1174 728 1237 didicit
747 1194 860 1256 cepere
881 1174 1038 1256 praedem,
1060 1173 1281 1256 hominemque

398 1256 571 1321 comedere.
656 1279 660 1300 ¹

376 1338 576 1433 27JIOertum
598 1349 656 1420 est,
677 1342 710 1403 in
731 1340 989 1406 mnnueoeleoiec
1003 1346 1057 1402 eut
1072 1341 1176 1422 Pepne
1198 1361 1282 1422 pror·

357 1443 410 1486 sus
431 1443 494 1485 non
516 1444 586 1486 esse
607 1431 742 1488 stetrrere
755 1424 902 1490 erticulos
924 1422 1007 1502 iidei,
1029 1426 1091 1484 imo
1115 1443 1172 1485 nee
1196 1425 1283 1506 leges

357 1526 475 1568 morum
497 1527 552 1568 seo
574 1507 725 1571 bonorum
747 1527 887 1589 opernm.

376 1590 435 1670 28)
450 1589 482 1652 si
495 1590 578 1671 Pepe
600 1611 670 1652 cnm
691 1609 805 1672 mogon
817 1597 903 1673 perte
924 1590 1076 1652 ecelsniee
1097 1590 1142 1650 sic
1164 1590 1215 1650 vei
1236 1593 1283 1652 sic

356 1674 492 1749 sentiret,
515 1693 573 1736 nec
595 1676 689 1736 etiem
702 1682 827 1750 erroret,
848 1672 948 1735 odbuo
970 1692 1033 1738 non
1050 1681 1098 1734 est
1119 1681 1282 1754 peecatum

356 1764 410 1817 eut
429 1757 566 1818 hecresie
604 1759 788 1820 contrarium
824 1758 955 1834 sentiro,
995 1757 1174 1837 praesertim
1195 1757 1226 1817 in
1250 1778 1283 1818 rc

355 1858 418 1900 oon
440 1841 616 1902 necessarie
636 1841 676 1903 ed
698 1841 845 1920 salntem,
877 1840 978 1902 donec
999 1839 1090 1901 inerit
1109 1859 1164 1920 per
1179 1843 1282 1902 conoi-

354 1923 427 2065 ddum
450 1923 624 1984 universate
644 1923 774 1984 nltemm
796 1923 1003 2004 reprobatum,
1025 1922 1154 1984 altorum
1170 1942 1282 2004 oppro-

375 2013 468 2067 otum.
1150 2041 1152 2044 -

281 2131 284 2136 -
374 2087 429 2169 29)
451 2089 552 2164 Vios)
583 2088 674 2150 nobie
705 2089 787 2152 iacto
809 2095 856 2150 est
891 2087 1054 2150 enerrendi
1086 2090 1284 2151 notoritntem

301 2226 305 2234 .
355 2171 575 2250 conciliorum,
613 2179 646 2236 et
667 2171 762 2235 libere
791 2171 1024 2238 contradicendi
1046 2191 1152 2233 eornm
1174 2175 1283 2254 gestis,

355 2261 387 2315 et
408 2254 563 2316 indicendi
599 2275 706 2320 eorum
728 2255 870 2336 decreta,
902 2261 934 2318 et
966 2253 1159 2317 confidenter
1187 2255 1284 2317 eonii-
1400 2299 1401 2304 ι

354 2338 448 2416 tendi,
471 2337 617 2419 quidquid
641 2359 745 2401 verum
763 2338 891 2419 videtur,
914 2340 979 2399 sive
1001 2338 1163 2420 probatum
1181 2339 1283 2418 fuerit,

357 2423 424 2482 sive
443 2421 639 2502 reprobatum
661 2442 681 2483 e
702 2440 888 2502 quocunque
909 2421 1053 2484 coneilio.

398 2508 437 2585 g)
461 2503 573 2566 Lector
594 2506 693 2585 ipsum
715 2505 768 2565 bio
787 2505 951 2566 Lntbernm
974 2504 1093 2584 eudiet,
1116 2523 1180 2566 rem
1202 2505 1284 2566 benc

362 2641 366 2644 .
398 2586 619 2666 disserentem,
642 2607 704 2648 non
726 2597 813 2650 onret
833 2587 926 2650 decer
962 2607 1032 2650 cres
1047 2585 1092 2666 1).
1130 2619 1133 2628 ·

375 2669 435 2751 30)
450 2668 500 2730 ΑΙ·
524 2671 555 2730 ui
576 2666 744 2746 srticulih)
768 2595 1010 2736 lotcnnicbues
1033 2670 1231 2736 condemnati
1252 2674 1284 2733 in

354 2753 488 2814 concilio
532 2755 736 2816 onstontiensi
749 2762 822 2817 eunt
836 2754 1097 2833 christianissimi,
1120 2757 1285 2824 verissimi,

354 2842 387 2908 et
408 2835 604 2918 evengelioi,
630 2856 708 2918 quos
736 2857 795 2900 nec
815 2838 997 2912 uninerselis
1019 2838 1152 2900 ecclesie
1173 2847 1284 2919 posset
1400 2863 1401 2926 3

352 2917 511 2984 damnare.
1006 2967 1009 2977 ,

393 3003 431 3080 h)
450 3003 561 3084 Neque
589 3023 652 3066 noo
685 3012 734 3066 mt
763 3004 826 3067 boe
856 3023 978 3081 vorum,
1016 3011 1070 3065 eut
1103 3004 1188 3066 solus
1220 3004 1284 3067 hoc
1400 3023 1401 3028 ¹

392 3087 540 3151 Lutberus
561 3088 669 3162 sentit,
699 3086 754 3150 sed
777 3089 912 3170 optimus
936 3088 1067 3168 quisquc
1087 3088 1139 3149 bio
1159 3087 1282 3168 probet.
1400 3109 1401 3112 ¹

392 3169 494 3230 Etiam
516 3178 563 3250 tu,
587 3169 669 3250 quod
691 3173 756 3233 scio
770 3170 815 3248 ²-),
838 3170 986 3252 preberes
1006 3171 1102 3232 multe
1123 3172 1189 3232 eius
1213 3173 1281 3246 viri,

390 3271 428 3313 ec
450 3253 521 3316 illos
538 3253 631 3314 vaide
651 3253 849 3319 detestareris
873 3253 1100 3318 melecoectos
1121 3255 1280 3334 ertienlos,
1400 3259 1401 3328 i

390 3337 433 3396 si,
447 3339 498 3416 qni
527 3343 558 3399 te
586 3356 668 3400 nune
690 3337 848 3400 dementot
870 3336 994 3400 morbus
1016 3338 1073 3400 vol-
1097 3337 1137 3403 ed
1159 3344 1283 3420 tempus

391 3418 608 3493 desererem).
671 3484 673 3487 .

369 3504 426 3577 31)
448 3502 482 3564 ln
504 3505 589 3574 omni
612 3522 707 3583 opere
727 3501 812 3568 bono
829 3503 926 3564 iuston
943 3511 1068 3584 peccet.

371 3588 429 3657 32)
441 3585 526 3667 Opus
538 3586 653 3650 bonnm
662 3587 781 3666 optime
793 3586 965 3651 factumest
977 3587 1099 3649 veniale
1108 3597 1282 3668 peccatum.

348 3669 589 3747 32‚)Heeretieos
597 3669 735 3736 comburi
744 3668 767 3746 i)
780 3671 1282 3750 estoontr'evoluntctemspiritns.

355 3794 562 3818 -ι--ι--μιμ-

421 3857 449 3925 i)
467 3858 543 3912 Heee
554 3868 618 3915 note
629 3863 657 3912 in
672 3860 705 3912 ed
736 3858 905 3912 bitinehinnn
924 3857 1019 3911 addite
1037 3863 1079 3910 est
1090 3859 1225 3912 Ponitioni
1236 3859 1280 3916 28.

345 3928 484 4056 adhib*
516 3930 579 3984 scis
636 3931 668 3999 3)
688 3930 794 3985 Ibidem
827 3931 899 3983 heec
926 3933 993 4022 note
1021 3927 1114 4008 addite
1135 3935 1179 3984 est
1206 3933 1283 3989 Posi-
