3159 4792
549 535 585 593 ad
603 536 769 609 Sehsdulam
789 525 972 598 inhibitionis.
1148 541 1211 607 145

288 724 406 796 studiis,
421 724 533 803 quibus
548 725 646 787 bonas
662 726 783 787 indoles
795 729 894 809 magis
905 730 1105 809 exstinguunt
1118 748 1210 809 quam

288 808 382 867 alunt

358 889 433 950 [sed
455 890 495 950 ad
517 890 645 953 alterum
668 912 763 953 cornu
785 894 958 974 syllogismi
974 894 1146 955 redeamus.
1178 894 1210 957 Si

288 974 438 1049 scribere,
461 973 563 1052 loqui,
587 982 694 1055 optare
716 996 769 1053 ea,
793 996 872 1055 quae
893 978 1025 1040 futurum
1047 979 1226 1039 concilium-

287 1063 393 1135 potest
414 1064 565 1133 statuere,
594 1077 656 1119 non
686 1065 736 1119 est
755 1058 982 1121 schismaticum
1005 1080 1064 1122 nec
1085 1060 1213 1121 scanda-

289 1140 405 1215 losum,
438 1140 489 1200 ubi
505 1140 641 1219 parebis,
672 1143 782 1202 misera
804 1142 972 1203 schedula?
1006 1144 1057 1215 ubi
1085 1146 1129 1204 tui
1155 1144 1212 1204 iar-

288 1222 393 1283 tores?
436 1222 497 1287 Ubi
518 1225 564 1283 ius
586 1224 765 1285 inhibendi?
809 1226 870 1287 Ubi
891 1227 1060 1287 satisfactio
1083 1228 1211 1288 iniuriae

289 1305 422 1366 Lutbero
446 1306 568 1365 factae?
602 1308 661 1367 Ubi
683 1309 745 1385 vis,
766 1308 866 1385 fraus,
901 1308 1159 1388 dolus„malitia
1181 1312 1211 1370 in

288 1393 427 1450 sanctam
450 1390 541 1447 etiam
565 1390 618 1450 tibi
641 1390 844 1451 conciliorum
866 1394 1064 1453 autoritatem
1087 1398 1118 1455 et
1139 1392 1210 1453 obe·

288 1470 433 1531 dientiam
458 1472 609 1534 ecclesiae
632 1474 817 1535 commissa?
839 1475 898 1535 Ubi
921 1477 999 1535 ratio
1012 1476 1132 1536 reddita
1152 1496 1208 1555 pro

287 1562 334 1615 tot
355 1554 517 1615 animabus
544 1556 602 1615 hac
631 1558 726 1635 impia
753 1557 948 1618 detractione
969 1559 1111 1619 iniectis?
1152 1558 1211 1619 Ubi

288 1638 442 1697 restitutio
475 1639 589 1717 impiae
606 1640 820 1714 obedientiae,
852 1659 931 1718 quae
961 1649 1083 1701 extorta
1113 1649 1160 1701 est
1193 1662 1211 1699 e

257 1719 261 1723 ’
287 1720 418 1781 subditis
441 1721 593 1781 eeclesiae
609 1723 795 1783 Misneusis?
820 1722 912 1784 Vides
927 1722 1102 1785 mercedem
1119 1732 1212 1799 tuam,

287 1804 410 1863 inscitia
421 1806 609 1884 temeraria,
631 1824 721 1883 quam
736 1812 767 1865 te
782 1808 919 1884 oportuit
933 1808 1080 1885 recipere,
1102 1826 1214 1885 nempe

289 1905 416 1945 sensum
458 1888 641 1966 reprobum,
685 1896 718 1947 ut
757 1889 891 1965 faceres,
926 1908 1005 1969 quae
1043 1909 1106 1950 nou
1139 1908 1213 1950 cou-

287 1971 425 2029 veniunt.
865 2036 868 2042 ,

371 2053 414 2113 At
436 2051 534 2113 dices:
571 2053 725 2115 Bohemos
754 2054 897 2135 gaudere
917 2055 957 2116 de
985 2061 1038 2115 tuo
1067 2074 1210 2116 sermone

287 2136 454 2194 timuimus.
497 2136 700 2215 Respondeoz
734 2137 775 2196 ut
802 2139 965 2217 impiorum
1008 2147 1056 2198 est
1093 2140 1211 2215 timere,

288 2218 337 2277 ubi
360 2237 425 2277 nou
449 2225 497 2277 est
527 2220 626 2279 timor.
670 2219 763 2294 Esto,
791 2220 947 2280 Bohemos
975 2221 1102 2282 volebas
1129 2240 1211 2281 com·

286 2320 431 2379 pescere,
453 2308 485 2361 at
506 2321 568 2361 non
590 2302 661 2363 ideo
685 2303 861 2363 damnanda
882 2305 938 2363 fuit
959 2312 1065 2365 nostra
1087 2304 1212 2366 licentia

287 2383 435 2463 loquendi
458 2384 496 2443 de
518 2392 672 2464 potestate
695 2392 726 2445 et
743 2386 896 2449 desiderio
911 2387 1120 2447 conciliorum.
1143 2386 1212 2446 Hoc

287 2470 370 2527 euim
393 2475 459 2545 est,
492 2469 599 2527 timere
628 2469 767 2547 pruinam
798 2477 828 2530 et
856 2470 945 2529 obrui
966 2470 1048 2531 nive.
1092 2470 1211 2529 Damna

286 2550 445 2611 Bohemos
473 2551 503 2609 in
527 2571 582 2611 suo
606 2552 785 2630 schismate,
819 2560 850 2613 et
880 2553 1016 2633 placebis
1039 2552 1112 2616 mihi
1136 2572 1212 2631 quo·

287 2653 363 2713 que,
395 2633 450 2693 sed
472 2634 534 2711 fac,
563 2642 596 2694 ut
617 2636 684 2695 siue
706 2636 841 2695 caritatis
863 2645 895 2696 et
916 2637 1053 2697 veritatis
1075 2636 1213 2697 laesione

284 2716 315 2776 id
336 2723 495 2796 praestes,
530 2737 571 2780 ue
593 2718 721 2779 Bohemi
749 2725 779 2777 te
801 2720 967 2796 irrideant,
1005 2721 1155 2779 iactantes
1181 2726 1212 2780 te

285 2820 347 2859 non
370 2819 466 2879 posse
488 2802 587 2863 minus
611 2802 723 2867 malum
746 2802 889 2881 aggredi,
927 2804 985 2863 uisi
1009 2804 1125 2863 maiore
1158 2802 1209 2862 ad-

286 2885 379 2955 misso
411 2882 513 2957 malo,
547 2902 605 2943 nec
626 2886 784 2955 Romanos
818 2885 968 2960 evadere,
1003 2886 1062 2944 nisi
1084 2886 1208 2968 occidas

285 2967 438 3027 Christum
469 2966 612 3045 exemplo
636 2970 729 3047 patris
758 2969 802 3027 tui
824 2968 970 3046 Caiphae.
1012 2968 1124 3027 Nonne
1152 2967 1214 3028 boc

291 3059 337 3109 est
354 3050 426 3129 plus
448 3069 538 3129 quam
560 3050 633 3111 foris
656 3070 776 3131 sapere,
799 3058 830 3111 et
851 3059 884 3109 ut
904 3050 1005 3110 aliena
1024 3049 1145 3129 pulses,
1162 3058 1214 3109 tua

286 3132 487 3213 pessundare,
509 3152 568 3196 nco
588 3140 692 3203 tamen
708 3135 847 3201 uincere.
1119 3181 1122 3190 .

365 3216 460 3293 Ecce,
484 3216 594 3291 (irasci
617 3216 795 3280 sacerdotes
817 3216 931 3276 habent
961 3234 1090 3293 uxores,
1124 3235 1212 3275 num-

285 3300 357 3378 quid
380 3300 452 3360 ideo
475 3319 537 3359 non
560 3300 633 3360 licet
654 3300 757 3361 dicere
779 3308 811 3359 et
832 3307 956 3379 optare,
989 3306 1022 3358 ut
1043 3299 1209 3360 autoritate

285 3383 408 3443 concilii
431 3384 543 3445 uostris
572 3402 696 3462 quoque
718 3382 929 3447 sacerdotibus
952 3381 1062 3443 dentur
1084 3400 1211 3457 uxores,

284 3466 366 3544 quod
401 3468 447 3525 sic
475 3465 612 3527 dicentes
635 3466 824 3527 Graecorum
858 3466 997 3545 opinioni
1027 3464 1213 3544 placemus?

284 3550 344 3609 Aut
367 3550 435 3627 quis
446 3568 580 3628 uuquam
598 3550 811 3609 schismaticus
826 3557 856 3609 et
866 3547 1067 3608 scandalosus
1082 3546 1186 3625 habitu
1199 3566 1213 3606 s

284 3639 345 3707 est,
377 3634 402 3691 si
432 3632 651 3695 cumGraecis
687 3634 720 3691 iu
742 3632 801 3692 hac
830 3652 865 3692 rc
893 3633 1022 3693 sentiret
1050 3638 1082 3691 et
1103 3630 1214 3689 similia

286 3718 398 3777 nostris
422 3723 559 3795 optaret,
582 3716 654 3776 licet
674 3716 775 3775 facere
799 3734 862 3775 non
884 3723 1006 3794 posset,
1042 3712 1213 3792 prohibitus

285 3799 406 3859 interim
429 3800 543 3860 statuto
568 3799 722 3860 contrario
745 3799 898 3862 ecclesiae
920 3805 951 3857 et
973 3796 1055 3856 usu?
1078 3794 1215 3870 Quisest

288 3884 366 3941 enim
393 3883 525 3941 virorum
548 3883 748 3962 optimorum,
772 3883 823 3961 qui
845 3880 926 3940 hanc
947 3879 1136 3963 Graecorum
1160 3898 1213 3939 sa-

288 3966 444 4026 cerdotum
475 3965 630 4025 licentiam
675 3966 817 4024 misertus
851 3971 1026 4023 nostrorum
1067 3962 1213 4041 periculis

290 4049 429 4107 maximis
452 4057 483 4109 et
509 4046 663 4108 scandalis
697 4068 759 4109 nou
793 4053 881 4127 optet
901 4043 1015 4115 hodie?
1048 4051 1078 4105 el
1098 4044 1156 4105 hos
1182 4049 1214 4103 tu

314 4149 404 4189 Lutbsri
418 4160 471 4197 opp.
486 4148 511 4189 V.
526 4148 553 4189 A.
569 4148 597 4188 ad
611 4148 652 4190 rai.
666 4148 716 4187 bist
731 4148 746 4187 l.
760 4160 781 4197 p.
797 4148 847 4189 Vol.
861 4147 900 4188 lv.
1008 4142 1050 4207 10
