3159 4792
589 526 644 584 de·
655 536 722 585 voto
741 530 916 603 religionum.
1164 534 1226 601 349

327 714 381 778 72.
397 713 466 775 8εά
494 715 573 775 sicut
593 716 705 777 Peulus
734 718 812 799 legis
839 738 928 779 usum
958 719 1145 799 legitimum,
1183 722 1226 782 ite

305 816 366 857 nos
388 805 531 858 votorum
552 799 709 860 docemus.

325 882 379 944 73.
400 880 522 941 Novum
547 882 629 941 enim
652 891 869 943 testamentum
899 902 1026 965 regnum
1061 894 1107 945 εει
1138 884 1225 946 liber·
1326 905 1336 919 ’

305 964 379 1024 tetis
402 970 433 1024 et
453 962 534 1026 fidei.
861 1008 863 1013 .

327 1048 379 1111 74.
401 1046 477 1108 Ideo
501 1053 534 1107 ut
558 1047 657 1129 legem
681 1056 712 1108 et
734 1068 831 1129 opere
852 1052 917 1110 eius
939 1069 1001 1112 non
1026 1054 1154 1131 petitur,
1183 1054 1226 1113 ite

305 1148 367 1189 nec
388 1137 462 1189 vota
484 1141 543 1190 nec
562 1131 730 1211 religiones
754 1152 870 1193 eorum.

327 1216 379 1277 75.
402 1212 488 1273 Haec
509 1220 612 1273 temen
635 1214 760 1275 libertus
781 1236 844 1276 non
868 1218 984 1293 cernis,
1014 1218 1068 1279 sed
1092 1221 1225 1299 spiritus,

306 1315 362 1355 seu
387 1298 596 1357 conscientiae
619 1306 675 1357 est

326 1380 378 1442 76.
402 1378 443 1439 Ut
463 1398 538 1460 ergo
570 1399 639 1440 eom
663 1382 807 1461 apostolo
844 1382 991 1463 sublege
1025 1383 1089 1444 fieri
1112 1393 1226 1465 potest,

305 1462 358 1540 qui
381 1480 443 1521 non
467 1469 515 1522 eet
536 1464 592 1523 sub
615 1465 694 1543 lege,
717 1465 781 1525 iure
805 1464 895 1525 huius
919 1465 1077 1528 libertatis.

327 1549 380 1608 77.
402 1545 447 1605 lte
469 1545 509 1605 sd
530 1546 660 1607 eundem
684 1546 855 1608 libertatem
879 1551 1020 1628 pertinet,
1043 1570 1111 1610 sese
1134 1570 1226 1631 posse

305 1634 457 1707 perpetuo
479 1637 553 1688 voto
576 1636 630 1689 snt
651 1631 822 1709 cuicunque
844 1632 905 1712 legi
928 1633 1069 1694 subdere.

328 1713 381 1774 78.
403 1709 486 1770 'selis
508 1711 565 1772 fuit
586 1712 734 1773 Bernerdi
767 1714 893 1794 religio,
933 1722 964 1775 et
986 1718 1140 1795 omnium,
1175 1719 1226 1797 qui

307 1793 439 1853 lelieiter
459 1794 595 1873 religiosi
619 1796 751 1856 fuerunt.
1052 1828 1055 1835 v

331 1874 384 1941 79.
406 1876 476 1936 Non
501 1879 592 1956 enim,
614 1886 648 1939 ιιι
668 1880 739 1939 iusti
762 1891 793 1939 et
815 1880 892 1940 salvi
913 1900 969 1961 per
990 1881 1050 1941 hoc
1073 1882 1154 1943 vitoe
1175 1903 1225 1963 ge-

307 1978 365 2019 nus
388 1958 507 2037 tierent,
529 1961 694 2022 vovebant.

326 2044 378 2108 80.
402 2042 463 2104 8εό
486 2045 602 2103 utinm
635 2044 695 2104 fide
716 2047 786 2105 insti
821 2053 853 2106 ει
874 2046 952 2107 salvi
991 2048 1086 2108 libere
1106 2048 1227 2110 inistis

305 2126 389 2186 votis
412 2125 570 2206 degerent.

327 2211 378 2274 81.
401 2207 453 2269 Sic
474 2215 540 2269 tuto
560 2206 593 2291 ¹)
615 2216 648 2269 et
668 2218 763 2271 vovet
796 2218 826 2270 ει
865 2213 940 2273 vivit
961 2214 992 2271 in
1015 2213 1226 2294 religionibus,

305 2294 358 2371 qui
381 2291 441 2353 fide
463 2293 494 2351 in
516 2291 576 2351 illis
600 2294 681 2354 vivit.

327 2377 377 2438 82.
401 2375 441 2435 Ει
462 2394 526 2435 non
550 2394 605 2455 per
627 2396 695 2437 enm
720 2378 812 2436 vitem
836 2378 943 2455 iustus,
968 2385 1092 2438 sanctus
1115 2386 1146 2440 et
1169 2380 1226 2439 scl-

309 2479 364 2517 vus
386 2458 451 2518 fieri
476 2458 611 2519 confidit.

331 2542 382 2605 83.
407 2544 469 2601 lmo
493 2560 562 2601 eum
583 2542 728 2621 apostolo
751 2549 889 2603 stercore
912 2542 995 2603 ducit
1017 2544 1073 2604 hus
1095 2546 1226 2607 iustitias

315 2633 346 2684 et
369 2626 549 2684 sanctitates
570 2632 699 2705 propter
719 2627 865 2686 iustitium
888 2626 970 2688 fidei.

327 2709 377 2773 84.
401 2707 609 2790 Sacrilegium·
624 2710 728 2788 itaque
759 2716 822 2787 est,
856 2710 979 2771 ordines
1012 2711 1226 2792 religiosorum

311 2799 437 2851 sanctos
460 2792 626 2871 appellare.

328 2876 380 2940 85.
407 2873 472 2934 Une
494 2875 603 2955 religio
627 2882 735 2935 sancte
756 2882 788 2936 et
809 2874 1003 2935 sanctificans
1022 2883 1070 2935 est
1091 2878 1228 2938 christie-

305 2959 423 3018 nismus
446 2976 500 3018 seu
522 2957 608 3020 fides.

326 3044 378 3106 88.
401 3040 495 3100 Ouios
517 3041 687 3101 sanctitatis
719 3058 833 3101 nomen
871 3060 934 3101 non
962 3042 1028 3101 sine
1058 3042 1226 3103 animorum

309 3123 496 3203 deceptione
518 3124 585 3184 eliis
607 3125 860 3184 communicetur.

328 3209 379 3271 87.
402 3206 451 3267 Fit
472 3208 553 3268 enim
575 3207 647 3268 hoc=
673 3207 770 3267 abusu
794 3208 944 3285 nominis,
983 3214 1016 3268 nt
1049 3215 1123 3268 vote
1155 3208 1224 3288 plus

308 3300 452 3367 noceant,
476 3309 566 3369 quam
590 3291 641 3351 lex
663 3298 694 3350 et
716 3310 812 3370 opere
834 3293 908 3351 eius.

327 3375 379 3437 88.
402 3372 558 3453 Siquidem
580 3373 632 3434 lex
654 3375 763 3434 saltem
789 3383 837 3436 est
859 3374 1061 3456 poedagogus
1083 3374 1123 3436 ed
1146 3373 1228 3434 Chri-

307 3463 388 3517 stum
413 3465 444 3517 ει
467 3456 559 3517 fidem
582 3459 657 3517 eius.

327 3542 378 3603 89.
400 3540 443 3599 At
464 3548 569 3601 votum
592 3541 653 3600 hoc
675 3541 769 3601 modo
790 3541 991 3622 paedagogus
1010 3547 1057 3602 est
1077 3540 1229 3601 oOhristo

308 3632 340 3683 et
361 3622 424 3682 fide
447 3623 485 3683 sd
510 3624 622 3703 legem:

328 3707 378 3770 90.
401 3706 556 3784 Ferends,
593 3708 656 3766 imo
680 3705 767 3765 utilia
787 3714 876 3766 erent
891 3712 923 3766 ει
944 3706 1002 3765 hac
1024 3708 1143 3765 ratione
1166 3726 1228 3766 mo-

309 3790 461 3866 nasterie,
483 3791 509 3849 si
531 3788 726 3870 paedagogis
747 3797 860 3853 essent.

328 3874 377 3935 91.
401 3872 443 3933 Ut
463 3875 550 3953 pueri
572 3873 611 3932 sd
625 3881 745 3951 tempus
768 3874 961 3933 erudirentur
982 3874 1011 3931 in
1026 3874 1070 3933 eis
1094 3870 1131 3931 ed
1145 3872 1227 3933 Chri-

310 3964 388 4015 stum
413 3964 444 4016 ει
466 3956 538 4016 lidei
562 3955 745 4017 libertatem.

380 4062 412 4124 1)
432 4058 464 4111 In
485 4059 527 4114 ed.
548 4062 618 4127 orig.
641 4044 731 4129 152st
748 4065 814 4112 tute.
