3159 4792
380 532 445 599 370
680 536 836 601 Disputatio
855 536 888 589 D.
909 536 943 590 11.
958 536 992 591 L.

378 723 467 783 ficem
507 744 569 784 non
604 726 739 785 veritatis
773 724 879 786 studio
914 726 1048 805 moveri,
1094 724 1149 787 sod
1185 745 1302 807 magno
1411 798 1412 831 p

378 807 533 886 evangelii
556 807 627 868 odio
650 808 767 869 ardere.

398 892 446 954 92.
469 890 578 951 Sedet
598 893 721 972 ipsimet
742 891 864 953 Christo
880 898 911 951 et
924 891 1019 951 Paulo
1041 892 1135 973 impie
1150 898 1302 972 pugnant,

379 974 430 1052 qui
456 973 621 1055 digamiam
658 977 806 1056 episcopo
836 974 990 1056 prohiberi
1025 976 1224 1055 pertinaciter
1255 994 1302 1035 as·

379 1063 493 1119 serunt

399 1141 449 1203 93.
472 1140 608 1200 Christus
637 1142 717 1201 enim
750 1141 866 1221 absque
900 1158 1099 1221 personarum
1128 1138 1303 1201 differentia

373 1216 469 1282 etiam
493 1222 563 1285 ad
555 1242 640 1303 ipsos
663 1224 824 1316 apostolos
846 1224 997 1303 loquitur:
1043 1222 1102 1297 Qui
1124 1230 1229 1305 potest
1253 1242 1300 1283 ca·

379 1324 462 1384 pere,
486 1308 604 1386 capiat
627 1313 682 1367 et:
710 1307 780 1367 Non
804 1324 911 1367 omnes
935 1306 1060 1387 capiunt
1081 1308 1141 1367 hoc
1162 1306 1300 1367 verbum.

399 1390 448 1451 94
479 1390 653 1449 Anathema
681 1409 755 1451 vero
784 1391 840 1467 sit,
867 1388 962 1450 verba
990 1388 1099 1450 Christi
1133 1398 1301 1470 personatu

378 1470 499 1533 adiecto
529 1471 716 1553 depravare,
753 1491 833 1552 quae
864 1473 997 1553 ipsemet
1028 1474 1097 1532 sine
1120 1480 1300 1555 personatu

378 1554 513 1615 dictaei
533 1556 692 1616 intellecta
712 1556 819 1617 voluit

288 1623 300 1647 ’
381 1640 449 1703 9.5
477 1638 517 1698 iit
537 1638 649 1699 Paulus
672 1643 688 1701 1
712 1638 782 1701 Cor.
806 1642 841 1701 7:
871 1638 1127 1717 Unumqucmque
1150 1638 1302 1718 praecipit

378 1740 434 1781 sua
456 1740 552 1782 uxore
575 1729 750 1783 contentum
773 1740 854 1799 esse,
876 1740 936 1781 nec
957 1722 1105 1801 episcopi,
1128 1737 1186 1781 nec
1209 1720 1300 1780 ullius

377 1822 542 1885 personam
565 1804 743 1869 excludens.

399 1889 447 1952 96.
469 1887 511 1948 hit
532 1889 639 1949 melius
662 1908 731 1950 esse
751 1887 877 1967 nubere,
901 1906 995 1967 quam,
1014 1886 1069 1965 uri,
1091 1886 1184 1967 plane
1203 1886 1300 1946 omni-

378 1970 449 2045 bus,
479 1971 530 2050 qui
550 1970 690 2033 Corinthi
722 1978 811 2033 erant
843 1974 893 2049 (ut
915 1970 1083 2052 epigraphe
1116 1966 1300 2051 monstrat),

378 2054 539 2114 consuluit.

398 2140 447 2201 97.
476 2136 542 2197 Nec
575 2138 717 2217 laqueum
751 2137 806 2197 ulii
836 2136 937 2197 vult
929 2138 1054 2197 iniicere
1075 2137 1106 2195 in
1129 2134 1299 2231 periculum
1411 2152 1412 2211 Τ

378 2220 602 2300 conscientiae,
631 2220 696 2299 sed,
726 2219 809 2300 qnod
837 2220 1000 2281 honestum
1024 2224 1109 2279 ett
1077 2218 1150 2279 utile
1173 2218 1232 2295 sit,
1254 2220 1300 2309 in-

377 2303 489 2365 dicare

400 2388 544 2451 991100
577 2406 646 2447 cum
674 2388 848 2469 nuptiarum
878 2384 1107 2463 interdictores,
1136 2382 1300 2444 91111010-

378 2470 498 2549 theum,
527 2470 633 2549 palam
661 2476 781 2531 asserat
813 2468 1031 2531 daemoniacos
1054 2468 1197 2528 doctores
1221 2484 1301 2547 esse,

380 2560 495 2615 certum
518 2560 574 2630 est
587 2553 723 2613 liberam
748 2552 913 2633 digamiam
936 2553 1084 2633 episcopo
1107 2548 1247 2611 concedi.

397 2638 448 2700 99.
476 2636 617 2714 Denique
638 2634 763 2696 verbum
785 2635 877 2696 illud:
907 2635 1096 2696 Crescitcct
1119 2633 1194 2693 mult
1182 2634 1302 2713 tiplica·

378 2720 461 2797 mini,
482 2719 668 2799 generaliter
684 2718 837 2797 omnibus,
859 2738 911 2799 qm
903 2719 1062 2779 hommes
1076 2724 1155 2797 sunt
1178 2735 1302 2777 900199-

379 2805 442 2863 tum
464 2808 495 2862 et
517 2803 692 2863 necessario
714 2803 891 2882 impositum
913 2807 969 2863 est.

400 2887 470 2983 190
493 2884 609 2947 Contra
629 2885 713 2966 quod
733 2885 809 2946 nulii
832 2892 965 2947 statuere
1001 2891 1053 2945 901
1084 2884 1187 2944 vivere
1217 2882 1300 2959 licet,

378 2970 437 3029 nisi
458 2969 520 3031 alio
543 2976 607 3031 cert
608 2971 673 3032 iore
696 2968 808 3049 verba,
829 2968 929 3048 iacto,
959 2974 1011 3029 aut
1032 2966 1195 3031 dcnoDci
1219 2968 1301 3026 exci-

399 3053 487 3115 iatur.

377 3072 487 3202 p101.
492 3136 678 3197 sicutenim
701 3135 776 3195 nulli
798 3136 871 3196 licet
892 3153 927 3195 sc
948 3136 1048 3215 ipsum
1071 3132 1223 3211 occidere,
1245 3139 1299 3192 aut

378 3238 470 3279 manu
491 3220 615 3300 propria
638 3226 789 3304 castrare,
824 3220 867 3282 ita
888 3218 964 3279 nulii
984 3216 1057 3277 licet
1079 3234 1186 3275 sexum
1210 3234 1298 3275 sunm

381 3301 575 3373 (nisivolent
563 3302 691 3380 199901
721 3302 930 3383 exstinguere,
952 3306 1005 3361 aut
1025 3298 1064 3360 ab
1088 3297 1192 3360 0111010
1215 3298 1298 3359 cohi-

377 3384 459 3445 bere.

400 3467 468 3531 912
499 3468 576 3528 Cum
598 3487 673 3528 vcro
696 3468 780 3528 nulia
802 3474 864 3529 stet
884 3466 1047 3549 promissio
1068 3466 1143 3545 Dei,
1179 3466 1298 3547 episco-

379 3570 437 3632 pos
458 3552 525 3613 fore
546 3550 584 3611 ab
606 3551 660 3611 illo
683 3552 819 3631 generali
843 3551 936 3612 verbo
960 3556 1118 3645 exceptos:

400 3639 469 3700 103.
498 3635 602 3712 Patet,
631 3652 693 3695 non
720 3654 813 3714 posse
840 3634 946 3695 ulios
949 3639 1046 3694 tatuto
1070 3632 1237 3713 episcopos
1259 3632 1298 3693 ad

378 3717 562 3779 coelibatum
585 3718 679 3777 ulium
702 3719 782 3798 cogi,
806 3718 863 3777 nisi
886 3736 941 3798 per
964 3716 1106 3778 doctores
1120 3714 1297 3777 daemonia-

377 3820 431 3862 cos
454 3809 485 3862 et
506 3802 698 3862 adversarios
718 3801 786 3861 Dei.

400 3887 468 3949 194.
491 3884 523 3945 st
535 3886 677 3963 Papistae
689 3884 856 3964 reprobant
869 3902 933 3959 cos,
952 3883 1002 3961 qui
1019 3901 1053 3943 sc
1064 3884 1150 3963 ipsos
1163 3890 1302 3945 castrant

376 3969 594 4110 purpuraliter²
627 3973 772 4046 tanquam
803 3967 971 4027 ministerio
996 3973 1028 4027 et
1050 3967 1233 4049 episcopatu
1255 3969 1299 4028 in-

396 4067 495 4126 lgnos.
