3159 4792
370 525 434 602 228
689 525 835 578 ihmtetus
854 523 966 581 Lutheri

373 714 469 797 pleno
490 721 538 776 est
559 715 713 795 peooetis,
742 719 843 774 morte
865 719 896 774 et
917 711 1124 776 damnatione.
1167 711 1300 772 luteres·

374 798 510 860 dotium
532 797 620 876 fides,
643 803 675 858 et
696 797 759 876 fiet,
781 803 816 858 ut
836 795 948 857 Christi
970 795 1031 854 sint
1052 801 1191 874 peoooto,
1213 813 1298 856 mors

372 881 572 960 ebibimus,
594 883 717 941 animae
737 898 812 941 vero
826 881 935 960 gretie,
956 877 1020 938 viis
1031 885 1063 938 et
1084 876 1177 942 salus.
1201 877 1299 958 Opor-

372 968 417 1024 tet
439 965 520 1024 enim
543 984 623 1041 eum,
646 965 672 1024 si
693 982 827 1044 sponsus
839 971 896 1040 est,
918 960 1066 1039 eesimul,
1089 979 1168 1040 quoe
1182 979 1301 1040 sponso

372 1047 475 1124 hebet,
494 1055 665 1128 obseptam,
677 1053 710 1106 et
723 1066 770 1125 ea,
781 1065 862 1125 quse
878 1063 935 1106 sue
947 1051 1027 1121 sunt,
1041 1062 1176 1124 sponsse
1189 1045 1300 1124 impor-

372 1131 439 1192 tire.
484 1128 541 1203 Qui
564 1132 645 1197 enim
669 1148 782 1210 eorpus
799 1149 885 1190 suum
909 1134 940 1188 et
961 1127 1112 1206 seipsum
1131 1126 1175 1187 illi
1192 1125 1301 1204 donet,

373 1211 529 1292 quomodo
541 1232 604 1274 non
615 1214 786 1273 omnissuo
799 1211 914 1272 donet?
930 1210 1030 1289 thui
1041 1227 1151 1289 eorpus
1165 1227 1301 1290 sponsae

373 1292 1301 1375 oooipit,quomodononomnia,qusesponseesunt,aooipit?
1407 1297 1408 1364 ἦ

458 1377 517 1438 Hie
537 1379 599 1439 iam
622 1378 831 1439 dulcissimum
853 1377 1061 1457 spectaculum
1084 1374 1201 1455 prodit,
1238 1395 1301 1438 non
1407 1377 1408 1442 ξ

377 1461 477 1522 solum
502 1463 741 1540 eommunionis‚
764 1461 819 1521 sed
841 1460 983 1522 solutoris
1005 1457 1078 1520 belli
1100 1464 1131 1519 et
1152 1460 1301 1519 vietorise

379 1551 411 1604 et
431 1544 538 1606 solutis
560 1553 592 1609 et
620 1544 849 1625 redemptionis.
894 1542 969 1603 Cum
997 1542 1079 1602 euim
1101 1541 1239 1602 Christus
1261 1543 1303 1604 sit

373 1627 457 1687 Deus
479 1635 511 1687 et
532 1628 646 1706 homo,
681 1646 781 1707 eaque
802 1645 951 1707 persone,
979 1643 1059 1703 quse
1080 1643 1138 1686 neo
1159 1626 1303 1704 peoosvit
1407 1621 1408 1674 i

376 1729 435 1770 neo
457 1711 593 1789 moritur,
615 1729 674 1771 neo
695 1710 867 1789 damnetur,
886 1708 941 1770 sed
963 1726 1021 1768 neo
1043 1725 1188 1787 peooore,
1210 1709 1301 1786 mori,

375 1793 513 1854 damnari
534 1800 653 1873 potest,
684 1795 812 1873 eiusque
832 1793 962 1869 iustitio,
996 1791 1075 1870 vito,
1098 1791 1197 1866 solus,
1219 1793 1301 1852 insu·
1407 1821 1408 1842 κ

374 1875 533 1956 potabilis,
565 1883 710 1955 aeterna,
733 1877 930 1956 omnipotens
953 1880 1014 1936 est:
1057 1891 1143 1952 eum,
1163 1875 1302 1954 inquom,

375 1959 446 2020 telis
467 1977 602 2037 persone
623 1966 768 2039 peebete,
802 1965 950 2034 mortem,
982 1956 1134 2017 infernum
1163 1975 1301 2036 sponsae

376 2040 538 2121 propter1)
554 2041 700 2102 annulum
722 2040 794 2101 fidei
806 2039 862 2102 sibi
884 2040 1070 2118 eommunia,
1092 2041 1155 2101 imo
1176 2042 1303 2120 propris
1407 2081 1408 2126 g

263 2146 273 2161 ⁸
372 2125 462 2204 sooit,
494 2130 526 2184 et
544 2125 576 2185 in
597 2125 635 2184 iis
657 2144 721 2188 non
744 2123 875 2202 aliter2)
899 2122 1062 2200 sehabet,
1085 2140 1176 2201 quom
1199 2124 1303 2189 sisue

375 2213 497 2284 essent,
517 2208 647 2289 ipseque
667 2216 840 2288 peoeosset,
860 2206 1014 2278 loborans,
1038 2206 1187 2285 moriens,
1209 2212 1242 2268 et
1261 2205 1301 2266 sd

373 2290 523 2352 infernum
542 2291 743 2370 descendens,
765 2296 799 2350 ut
820 2291 925 2350 omnio
936 2297 1104 2370 superaret,
1126 2298 1302 2369 peceatum·
1407 2319 1408 2354 t

374 2393 449 2453 que,
471 2392 554 2434 mors
576 2381 609 2435 et
627 2375 763 2435 internus
785 2393 854 2434 eum
878 2371 1044 2434 obsorbere
1071 2391 1135 2432 nou
1164 2378 1303 2452 possent,
1407 2363 1408 2398 ³

374 2458 550 2518 neeessario
586 2458 618 2516 in
647 2459 716 2536 ipso
738 2456 885 2536 absorpto
907 2463 977 2516 sunt
1003 2454 1156 2536 stupendo
1185 2455 1301 2517 duello.

373 2539 451 2600 Nem
464 2540 580 2600 iustitio
590 2541 678 2615 susi)
689 2540 826 2600 omnium
837 2541 973 2619 peeootis
984 2538 1133 2618 superior,
1145 2539 1208 2598 vito
1216 2536 1301 2620 suo4)

322 2628 324 2633 '
376 2623 459 2682 omni
472 2628 571 2682 morte
582 2623 748 2701 potentior,
760 2623 843 2682 selus
857 2642 912 2682 sus
923 2623 1007 2683 omni
1015 2621 1135 2682 inferno
1147 2623 1302 2684 inviotior.

456 2705 503 2764 lto
523 2703 558 2764 iit
578 2706 680 2766 anima
702 2704 818 2782 tidelis,
849 2724 906 2785 per
927 2723 1025 2766 smum
1060 2702 1132 2764 fidei
1163 2723 1240 2765 suae
1269 2706 1300 2764 in

375 2787 496 2848 Christo
509 2806 626 2868 sponso
640 2807 707 2868 suo,
730 2787 874 2852 omnibus
886 2787 1146 2869 peoootislibem,
1168 2795 1300 2850 emorte

276 2932 279 2937 ,
376 2889 501 2948 seeum,
519 2877 563 2930 -et
583 2871 622 2933 eb
644 2872 764 2933 inferno
787 2878 868 2949 tutu,
892 2870 1007 2932 donato
1028 2877 1154 2932 eeteros
1176 2872 1302 2950 iustitis,

377 2957 449 3033 vite,
470 2953 570 3015 solute
592 2956 698 3035 sponsi
721 2957 767 3014 sui
781 2954 902 3016 Christi.
925 2954 977 3016 flio
990 2953 1117 3016 exhibet
1130 2953 1188 3014 sibi
1210 2973 1302 3035 spon·

375 3056 441 3098 sem
464 3038 530 3098 sine
552 3039 674 3098 meouls
696 3044 834 3118 straga,
855 3037 1034 3118 gloriosam,
1057 3036 1209 3098 mundone
1233 3056 1301 3100 eom

376 3120 501 3182 lavaero
523 3121 555 3181 in
577 3121 672 3183 verbo
686 3123 778 3199 vitoe,
800 3121 898 3198 idest,
914 3119 1075 3200 perfidem
1090 3119 1186 3200 verbi,
1211 3122 1302 3198 vitoe,

375 3204 511 3263 iustitiae
544 3210 577 3264 et
598 3204 713 3266 solutis.
757 3204 809 3266 flio
830 3211 959 3284 sponsat
987 3223 1055 3266 eam
1086 3203 1144 3264 sibi
1171 3207 1200 3263 in
1230 3196 1302 3282 tide,

366 3287 409 3347 ,in
441 3286 653 3347 miserioordie
674 3295 705 3348 et
726 3287 991 3366 miserationibus,
1013 3287 1180 3348 iniustitia
1208 3295 1241 3348 et
1262 3289 1302 3348 iu-

307 3379 318 3396 ·
378 3357 476 3448 dioio,
497 3375 532 3428 ut
552 3369 627 3432 Hos.
648 3373 678 3434 2.
700 3369 782 3431 dicit.
1248 3446 1251 3454 Ι

463 3451 539 3526 Quis
561 3473 635 3534 ergo
673 3453 734 3514 hes
750 3453 873 3532 nuptias
900 3453 1021 3534 regales
1043 3453 1117 3514 setis
1139 3453 1303 3515 aestimet?

377 3535 452 3610 Quis
475 3535 600 3596 divitius
636 3536 755 3616 gloriae
781 3537 901 3616 gratiae
923 3535 1013 3596 huius
1039 3536 1302 3616 comprehendet?

377 3619 429 3679 ubi
456 3617 542 3678 dives
565 3625 597 3679 et
617 3621 685 3698 pius
706 3619 757 3678 hio
784 3637 917 3699 sponsus
940 3619 1077 3680 Christus
1118 3619 1203 3680 duoit
1226 3639 1303 3682 uxo·

378 3720 443 3762 rem
464 3702 545 3762 hone
561 3703 798 3782 pauperculum,
820 3704 945 3782 impiam
968 3703 1205 3778 meretriculam,
1226 3703 1303 3766 redi·
1407 3729 1408 3794 }

449 3908 481 3973 1)
501 3905 533 3960 Iu
553 3906 596 3960 ed.
616 3909 704 3975 orig.:
736 3923 854 3976 sponsae
883 3911 910 3960 et
938 3911 1051 3976 proptor
1070 3908 1205 3962 annulum
1234 3907 1304 3963 fidei.
1407 3913 1408 3928 ¹

377 3975 411 4044 2)
432 3977 464 4031 In
484 3979 526 4032 ed.
548 3978 633 4034 1521:
654 3995 705 4032 nee
722 3981 798 4032 iniis
818 3979 906 4032 aliter.
926 3977 957 4049 3)
978 3979 1096 4042 Ibidem:
1117 3983 1223 4034 iustitia
1235 3984 1309 4035 eius·
1407 4015 1408 4022 κ

377 4047 410 4113 4)
430 4047 551 4102 Ibidem:
570 4052 627 4103 vite
646 4053 705 4104 eius
724 4079 759 4090 -
777 4051 853 4103 sulus
872 4051 941 4103 eius.
