3159 4792
640 484 806 554 Hieronymi
823 484 941 540 Emssri.
1219 480 1239 547 9

319 670 402 750 quod
420 669 451 739 1)
482 670 674 751 quorundam
697 673 824 753 scripta,
860 670 974 731 nedum
1003 671 1244 751 grammaticam,

321 754 377 815 sed
400 773 459 815 uec
481 756 617 837 vigiliam
640 756 763 835 sapiunt
782 773 843 815 nec
863 753 1017 815 iudicium.

405 837 496 913 Quod
536 839 563 898 ai
595 839 733 919 argutior
771 838 923 917 quispiam
959 837 1086 898 ulterius
1126 844 1245 917 urgeat,

322 920 507 981 dissimulari
528 940 592 982 non
614 940 725 1002 posse,
760 921 925 981 Lutherurn
949 940 968 981 a
991 920 1165 981 Bohsmicis
1187 925 1246 980 ste·

322 1005 397 1064 tisse
418 1004 572 1084 partibus,
607 1024 675 1065 cum
699 1004 844 1066 iohannis
867 1003 947 1064 Huss
980 1004 1126 1064 articulos
1156 1022 1246 1082 quos-

322 1086 393 1147 dam
430 1087 600 1149 catholicos
637 1088 731 1148 inissa
769 1087 912 1166 maleque
945 1085 1107 1148 damnatos
1142 1086 1245 1167 palam

323 1172 497 1249 asseruerit,
518 1171 590 1231 huic
610 1190 670 1251 ego
692 1190 761 1231 cum
782 1169 869 1231 Beda
890 1169 1117 1251 responderim:
1147 1170 1178 1231 si
1199 1169 1246 1230 Ic

322 1254 418 1313 hanni
444 1254 625 1318 hocctiam
657 1254 760 1331 detur,
795 1255 952 1335 proprium
982 1273 1051 1326 esse
1073 1254 1246 1329 haereticis,

323 1343 358 1395 ut
377 1336 462 1396 falsis
483 1356 557 1398 vera
579 1338 730 1399 misceant
745 1335 798 1419 ²),
821 1356 881 1397 neo
902 1343 1005 1398 tamen
1028 1355 1145 1409 eorum,
1168 1355 1247 1415 quae

324 1438 398 1478 vera
418 1418 534 1497 dixere,
556 1419 610 1480 scd
632 1419 775 1481 falsitatis
798 1426 829 1481 et
850 1422 960 1481 mentis
978 1420 1152 1481 obstinatae
1174 1438 1247 1499 poe·

323 1520 380 1561 nas
403 1502 487 1564 dare.

408 1583 499 1659 Quod
522 1590 624 1646 autem
646 1587 828 1648 nominatim
852 1586 932 1647 idem
954 1583 1146 1658 Lutherus³)
1178 1604 1247 1645 cum

325 1668 409 1727 dicto
447 1668 584 1729 Iohanne
625 1670 736 1729 summi
770 1668 929 1729 Pontificis
961 1670 1163 1748 principatum
1196 1667 1249 1727 hu·

325 1752 424 1811 manis
446 1750 536 1812 rebus
560 1750 727 1825 subiicere,
758 1759 790 1812 et
811 1772 829 1812 a
850 1752 917 1813 Deo
940 1771 1002 1811 non
1026 1769 1096 1811 asse
1123 1756 1248 1810 conten·
1336 1784 1341 1799 ·

326 1833 385 1909 dit,
419 1832 521 1894 adhuc
548 1836 579 1893 iu
611 1834 723 1911 herba,
757 1836 808 1895 vel
837 1842 869 1895 ut
901 1835 1010 1896 tritiori
1038 1840 1105 1894 utar
1126 1831 1249 1913 adagio,

325 1916 427 1977 adhuc
447 1916 503 1977 sub
524 1916 626 1977 iudice
647 1917 685 1976 lis
707 1924 770 1994 est,
805 1925 836 1979 st
857 1917 1007 1979 Luthsrus
1035 1919 1103 1997 ipse
1128 1913 1256 1997 (quam-1

325 2001 373 2059 vis
395 2001 500 2060 omnia
521 2019 642 2061 sursum
664 2019 703 2061 ac
724 2000 867 2062 deorsum
890 2008 1003 2077 verset,
1026 2008 1186 2078 totamque
1206 2000 1249 2059 in·

323 2083 409 2164 genii
439 2083 536 2143 aciem
567 2082 627 2144 huc
660 2083 700 2143 sit
728 2082 908 2165 admolitus)
947 2103 1011 2143 non
1038 2090 1123 2143 tanta
1144 2089 1249 2143 tamen

325 2166 461 2226 animum
483 2166 694 2250 obstinatione
716 2165 857 2243 devovit,
880 2174 922 2242 ut,
944 2168 970 2226 si
997 2167 1075 2227 ratio
1098 2166 1249 2226 rationem

325 2248 503 2327 redarguat,
527 2248 638 2309 cedere
659 2268 722 2310 non
745 2249 840 2312 velit..

408 2331 474 2392 Nec
495 2331 652 2393 Bohcmos
674 2332 839 2411 quidquam
861 2332 995 2406 relevat,
1030 2332 1055 2391 si
1084 2332 1175 2392 stiam
1197 2330 1250 2392 ob·

327 2416 433 2492 tinent,
456 2434 524 2475 cum
547 2415 598 2475 vcl
619 2415 665 2475 sic
686 2414 814 2477 obedire
836 2434 891 2476 eos
914 2417 1073 2495 oporteat:
1103 2414 1249 2493 quonium

323 2497 460 2558 humano
488 2517 613 2577 quoque
633 2498 722 2570 iure,
760 2498 800 2558 ad
822 2497 960 2559 tollenda
981 2497 1162 2571 schismata,
1198 2516 1249 2557 ne-

324 2581 491 2641 cessariam
513 2600 584 2641 csse
605 2581 716 2642 summi
731 2580 889 2642 Pontificio
912 2580 1121 2642 monarchiam
1138 2579 1250 2640 eidem·

324 2681 386 2740 quc
414 2664 529 2741 passim
551 2664 590 2725 ab
614 2663 757 2724 omnibus
776 2663 962 2744 parendum,
996 2670 1174 2724 constanter
1194 2662 1248 2724 illc

326 2744 495 2824 praedicat.
538 2746 630 2807 Dedit
661 2748 736 2808 item
765 2748 796 2807 in
818 2747 1022 2810 Resolutione
1052 2766 1108 2807 sua
1139 2764 1249 2807 recens

326 2828 421 2902 edita,
442 2827 637 2889 voluntatem
658 2829 739 2890 hanc
762 2848 832 2891 esse
854 2831 923 2892 Dei.

410 2910 479 2991 Ego
501 2931 575 2972 vero
597 2913 674 2972 citra
694 2918 797 2972 tamen
828 2914 962 2973 cuiusvis
984 2912 1124 2972 iniuriam
1149 2911 1250 2992 (idem

325 2994 407 3054 enim
431 2994 504 3055 mihi
517 2994 614 3071 Accii,
637 2994 720 3074 quod
741 2994 830 3066 Titii)
854 2996 936 3055 hanc
959 2997 1050 3055 etiarn
1068 2994 1248 3055 coronidem

326 3076 457 3154 adiicio,
490 3079 632 3137 miseram
655 3078 723 3138 sore
745 3078 987 3138 Christianorum
1011 3083 1140 3152 sortem,
1173 3077 1198 3135 si
1220 3082 1253 3137 et

327 3160 447 3219 iudaeis
469 3166 501 3219 ct
521 3160 663 3241 gentibus
687 3161 729 3221 sit
749 3160 884 3224 inferior.
929 3156 1060 3222 Constat
1084 3160 1163 3221 enim
1187 3177 1250 3219 non

327 3243 429 3304 solum
450 3242 626 3319 Romanos,
643 3243 713 3323 ⁵sed
735 3243 880 3305 barbaras
913 3244 1004 3303 ctiam
1027 3248 1135 3323 gentes
1173 3260 1250 3321 pou-

326 3324 426 3385 tiiicss
444 3344 517 3386 suos
539 3332 571 3387 et
582 3324 722 3386 flamines
744 3326 803 3387 diis
812 3327 954 3387 retulisse
969 3331 1125 3405 acceptos.
1159 3323 1249 3399 Quod

327 3409 353 3466 si
376 3407 468 3467 alicui
491 3408 541 3468 vel
562 3409 776 3489 Melesagorae
797 3410 961 3489 Nymphae
974 3407 1035 3489 ⁴),
1058 3407 1110 3468 val
1131 3408 1251 3472 Numae

327 3490 472 3571 Aegeria,
496 3490 648 3552 Minoisve
668 3499 788 3552 antrum
811 3492 917 3554 antid
940 3511 1037 3573 genus
1059 3497 1163 3551 catera
1184 3508 1251 3569 par-

329 3592 401 3633 vam
423 3572 515 3633 iidem
537 3574 666 3651 faciant,
699 3574 775 3635 nihil
806 3594 923 3652 moror,
956 3573 1123 3635 dummodo
1145 3574 1250 3652 negari

328 3674 392 3717 non
413 3657 512 3735 possit
533 3655 745 3735 pontificatum
769 3659 874 3719 Aaron
908 3658 946 3719 ab
975 3660 1044 3738 ipso
1066 3656 1133 3717 Deo
1156 3655 1251 3716 fuisse

402 3928 433 3996 1)
452 3928 538 3997 Apud
565 3928 693 3983 tossen:
724 3928 845 3997 quando.
900 3926 933 3993 2)
954 3927 1038 3981 ibid:
1066 3929 1250 3982 immisceant.

327 3998 362 4067 3)
382 3999 500 4055 ibidem:
520 4000 662 4053 tintinna.
718 4001 751 4067 4)
772 4000 854 4055 ibid:
874 3998 1010 4069 Nympha.
