3159 4792
332 486 396 572 20'4
605 511 762 581 mapsam
780 511 814 568 n.
832 511 867 567 u.
885 511 996 568 aarum

335 692 417 758 idem
440 695 607 778 capitulum
630 697 769 760 nonnulli
791 701 837 764 sic
853 701 993 762 irrident:
1016 701 1124 762 Omnis
1145 701 1253 762 utrius-

335 799 396 860 que
417 798 526 854 sexus,
549 781 580 843 id
603 788 665 862 est,
695 783 717 842 ii
738 782 858 864 solum,
886 785 938 864 qui
960 789 1121 864 utrumque
1144 803 1253 845 sexum

334 863 460 941 habent,
478 864 596 926 scilicet
607 858 893 947 Hermaphroditus,
909 865 1021 930 debent
1034 868 1171 928 omnium
1182 885 1254 948 pec

335 954 473 1008 catorum
504 966 626 1009 suorum
651 949 755 1010 iacere
777 945 1015 1012 confessionem.
1064 950 1255 1032 Dignissima

328 1028 431 1110 'plane
470 1029 570 1092 irrisio
604 1031 738 1093 canonis
765 1035 868 1114 istius,
907 1035 932 1094 si
969 1035 1014 1097 sic
1041 1053 1110 1095 eum
1143 1033 1255 1094 intelli·

332 1114 364 1194 gi
379 1113 558 1194 voluisseut,
569 1115 862 1178 sicutLovauienses
875 1117 1058 1199 intelligunt.
1082 1115 1158 1193 Quia
1171 1117 1254 1177 euim

334 1197 439 1256 omnia
459 1204 588 1276 peccata
609 1218 665 1260 sua
689 1218 782 1260 nosse
812 1197 933 1280 potest,
957 1200 1070 1261 nedum
1104 1198 1255 1275 confiteri,

333 1281 562 1360 com-scriptum
584 1283 637 1345 sit:
664 1282 787 1347 Delicta
809 1285 876 1363 quis
896 1284 1060 1365 iutelligit?
1082 1289 1114 1346 at
1133 1283 1254 1349 Ieremi.

330 1366 393 1426 217:
421 1362 553 1424 Pravum
586 1372 686 1426 estet
723 1367 921 1429 inscrutabile
957 1385 1010 1428 cor
1044 1359 1194 1445 bominis3
1222 1375 1255 1426 ct
1367 1387 1370 1394 ⁴

331 1445 442 1508 iterum
463 1446 561 1508 idem:
591 1447 661 1510 Non
679 1456 731 1510 est
758 1451 809 1510 via
835 1451 968 1512 hominia
991 1451 1068 1514 eius.

417 1530 477 1589 Vix
499 1550 549 1592 me
571 1531 622 1593 hic
643 1534 801 1612 contineo,
822 1552 861 1594 ne
883 1536 913 1594 in
927 1531 1044 1596 frontes
1061 1531 1255 1596 istasindoo

336 1613 470 1675 tissimus
491 1612 861 1695 sophistarumiuvehar,
882 1636 1009 1698 paream
1030 1623 1139 1680 tameo*
1156 1615 1197 1678 ob
1219 1617 1254 1676 ti-

336 1715 456 1758 morem
478 1696 546 1775 Dei,
568 1697 598 1761 id
621 1698 717 1761 libere
738 1700 904 1780 professus:
927 1699 959 1762 Si
979 1702 1039 1763 iste
1059 1700 1168 1762 Canon
1190 1717 1255 1760 om·

330 1780 416 1844 nium
460 1788 636 1847 occatorem
659 1783 841 1864 simpliciter
863 1786 1000 1864 exigeret
1015 1783 1254 1860 contessionem,

333 1800 525 1927 cunualdus
569 1872 651 1927 esset
685 1872 719 1926 ut
750 1868 863 1948 impius
898 1875 930 1928 at
966 1866 1254 1947 perniciosissimus.

331 1945 412 2006 llam
436 1945 509 2008 inde
530 1949 595 2016 nati
615 1956 689 2009 sunt
707 1949 803 2012 libelli
826 1951 874 2010 isti
897 1949 936 2010 de
958 1949 1051 2011 modo
1074 1947 1254 2028 confitendi,

317 2027 387 2093 ‘ubi
406 2036 538 2108 peccata
563 2031 594 2090 in
626 2038 754 2109 matres,
791 2031 888 2112 filias,
921 2052 1061 2109 sorores,
1092 2038 1201 2113 neptes
1223 2040 1256 2092 et

333 2119 467 2191 nepotes
499 2112 695 2193 infinitasque
727 2115 804 2179 alias
840 2117 961 2196 species
995 2115 1140 2194 distincta
1171 2121 1255 2192 sunt

336 2194 422 2261 nulla
443 2195 508 2266 alia·
526 2215 619 2275 aura,
641 2199 700 2260 nisi
723 2197 895 2262 utnullum
916 2205 1078 2280 peccatum
1101 2199 1255 2263 omittere·

331 2285 384 2346 ‘tur
403 2280 445 2343 im
454 2280 663 2371 confessione,
685 2283 767 2360 quod
782 2283 875 2363 plane
897 2290 944 2346 ast
957 2281 1157 2364 impossibile.
1175 2281 1255 2344 Nam

331 2363 362 2427 ai
383 2363 466 2444 rigor
482 2361 620 2439 canonis
643 2370 712 2442 stet,
732 2385 791 2430 nec
814 2365 919 2442 oblita,
940 2385 999 2431 nec
1020 2368 1163 2446 ignorata
1182 2383 1255 2446 pec-

337 2452 407 2506 cata
429 2454 667 2526 exceptasunt,
689 2449 761 2527 quia
782 2449 868 2513 dicit:
892 2449 1034 2512 Ouinium
1053 2445 1256 2529 ‘peccatorum

336 2547 460 2589 suorum
488 2529 581 2590 iaciat
611 2531 847 2594 consessionem.
892 2532 953 2594 Sed
982 2533 1020 2594 de
1040 2529 1088 2592 his
1110 2531 1201 2594 latius
1222 2532 1254 2591 in

334 2612 454 2673 rabone
476 2611 651 2697 confitendi.
730 2651 735 2667 .

418 2694 486 2774 Ego
508 2703 620 2772 tamen,
643 2703 676 2757 ut
695 2696 859 2778 Magistros
882 2707 1005 2761 nostros
1019 2699 1150 2761 eximios
1172 2717 1255 2758 men·

300 2799 304 2805 ⁴
331 2776 575 2859 tlaciivarguam,
597 2799 661 2840 non
683 2781 855 2860 improbavi
883 2784 1144 2844 examinationem
1177 2799 1256 2842 con-

263 2925 268 2932 ,
337 2862 494 2944 scientiae,
516 2879 575 2922 uec
595 2861 657 2922 hoc
678 2871 824 2943 poterunt
846 2866 986 2946 probare,
1009 2883 1142 2946 unquam
1165 2883 1183 2924 a
1205 2882 1256 2924 mc

335 2945 470 3004 iactum:
495 2945 549 3005 sed
569 2948 695 3008 anxiam
717 2947 945 3026 carnificinam,
979 2965 1039 3030 qua
1058 2950 1145 3009 iuxta
1166 2945 1256 3006 huius

338 3027 465 3089 canonia
489 3029 675 3090 mortiferam
711 3032 778 3092 aive
805 3034 1054 3094 constitutionem
1078 3034 1145 3092 eive
1165 3029 1256 3090 inter·

336 3113 540 3192 pretationem
577 3112 617 3173 ad
644 3115 835 3194 impossibile
865 3114 1015 3177 ducuntur
1042 3115 1144 3176 miseri
1173 3111 1257 3173 curi-

336 3195 448 3274 stiani,·
481 3195 555 3255 nihil
585 3196 687 3257 daturi
712 3199 902 3278 promittenti
930 3199 997 3260 Del‘
1019 3195 1257 3272 misericordiae,

337 3278 395 3338 nisi
417 3279 553 3339 omnium
574 3286 771 3361 peccatorum
801 3281 929 3342 iecerint
950 3281 1192 3358 confessionem,
1224 3279 1257 3340 id

338 3367 403 3441 est,
431 3367 463 3421 ut
484 3381 638 3441 uunquam
662 3381 770 3444 pacem
784 3364 928 3438 ,habeant
948 3364 1077 3445 plusque
1100 3362 1259 3426 confidant

335 3445 367 3504 in
390 3463 475 3504 suam
503 3445 655 3507 infelicem
677 3448 921 3525 contessionem,
955 3464 1044 3528 quam
1063 3449 1121 3508 Dei
1143 3447 1257 3508 miseri-

332 3527 484 3590 ¹cordium.
528 3528 630 3609 Atque
651 3529 701 3589 hic
721 3534 878 3610 optassem
901 3531 1144 3592 Lovanienslbus
1169 3531 1255 3602 meis,

338 3618 371 3672 ut
403 3618 434 3671 et
461 3612 588 3672 alterum
618 3612 810 3674 cardinalem
828 3615 1046 3675 Dertuseuaem
1077 3611 1257 3674 habuissent

239 3693 248 3719 ‘
336 3695 531 3771 monitorem,
554 3712 625 3771 narn
647 3696 729 3756 hunc
749 3716 842 3756 uuum
862 3698 960 3770 solita
976 3695 1149 3759 temeritate
1170 3715 1256 3777 prae·

338 3779 493 3857 terierunt,
515 3778 626 3840 frustra
649 3788 836 3858 monentem,
859 3788 891 3841 ut
912 3799 981 3842 mea
1004 3781 1106 3842 omnia
1129 3779 1168 3840 ad
1191 3799 1256 3840 ver·

337 3860 408 3921 bum
431 3862 596 3940 signarent.
693 3864 698 3870 ’

349 3956 353 3965 ’
421 3946 481 4003 lam
504 3947 529 4006 si
563 3952 602 4005 et·
620 3952 723 4007 cetera
743 3957 913 4026 prosequar
934 3945 1090 4008 homiuum
1114 3945 1256 4008 infelicia-

337 4025 493 4106 simorum,
515 4035 578 4088 tum
601 4029 721 4090 somnia
732 4029 806 4090 mihi
827 4031 982 4111 imposita,
1004 4036 1068 4091 tum
1089 4047 1158 4090 mea
1179 4027 1257 4090 false
