3159 4792
362 520 425 586 184
639 517 844 576 Condemnatio
864 519 1028 575 doctrinalis

361 707 417 785 tis,
440 725 495 786 per
516 706 746 787 propositiones
773 708 806 767 in
828 704 961 767 Sanctus
987 712 1019 765 et
1047 706 1083 765 ia·
1102 704 1286 767 Sanctorum

360 792 470 851 marita
496 790 607 870 impias
631 796 662 851 et
686 789 894 876 blasphemas
917 790 1115 871 pertinaciter
1136 788 1285 850 annullat.

444 894 533 955 Circa
560 914 679 975 poenas
708 896 879 976 purgatorii
908 902 940 955 et
969 901 1082 955 statum
1113 895 1286 955 animarum

359 985 432 1059 post
460 978 540 1039 hanc
566 981 677 1055 vitam,
711 998 751 1040 ex
780 981 867 1039 vanis
894 980 1033 1057 motivis,
1062 976 1288 1039 abominabiles

360 1080 479 1122 errores
502 1060 690 1141 disseminet,
712 1069 819 1141 utpote
841 1061 923 1141 quod
944 1062 975 1121 in
996 1061 1174 1141 purgatorio
1204 1060 1290 1119 nulla

360 1144 463 1205 anima
485 1145 640 1225 quidpiam
664 1165 719 1225 pro
744 1144 921 1205 mortalibus
944 1146 1093 1224 patiatur,
1115 1142 1182 1203 'sed
1213 1144 1288 1203 dun·

360 1233 446 1287 taxat
467 1247 523 1307 pro
548 1228 718 1289 venialibus
742 1228 875 1309 patiatur
895 1228 1039 1308 peccatis.

444 1332 534 1407 Quod
555 1334 678 1394 animae
700 1335 731 1393 in
746 1334 924 1414 purgatorio
936 1333 1036 1393 Deum
1059 1332 1170 1391 vitiose
1184 1332 1289 1411 culpa·

363 1414 524 1494 biliterque
547 1416 690 1497 diligant,
719 1436 756 1477 ao
785 1418 852 1476 sine
874 1416 1101 1477 intermissione
1130 1414 1195 1474 illic
1218 1433 1288 1494 pec

360 1504 440 1575 cent,
462 1504 585 1578 atquae
604 1518 659 1559 sua
672 1506 743 1559 sunt
756 1506 939 1578 quaerentes
960 1499 1040 1579 plus,
1051 1516 1143 1577 quam
1158 1496 1288 1557 divinae

359 1581 526 1642 voluntatis
548 1582 774 1663 impletionem,
804 1581 887 1661 quod
917 1586 968 1656 (ut
1000 1584 1067 1661 ipse
1096 1578 1214 1663 inquit)
1241 1587 1291 1641 est

361 1672 471 1726 contra
493 1666 661 1743 caritatem,
684 1666 766 1745 quod
781 1666 893 1726 mortui
915 1665 1053 1725 ferenon
1072 1666 1172 1723 minus
1194 1683 1287 1743 quam

363 1748 425 1809 vivi
446 1750 476 1807 in
500 1755 581 1809 statu
603 1751 664 1811 aiut
687 1746 824 1810 merendi
846 1744 949 1809 vitam*
963 1754 1131 1808 aeternam,

445 1847 522 1909 Item
546 1856 655 1911 contra
669 1849 874 1930 privilegium,
898 1856 929 1910 et
949 1850 1111 1928 primatum
1125 1846 1291 1906 Romanae

361 1930 514 1994 ecclesiae
530 1952 623 2011 supra
633 1932 780 1993 ecclesias
797 1939 916 1993 ceteras
930 1950 985 2011 per
1001 1930 1117 2008 orbem,
1139 1948 1290 1989 erroneas

360 2014 566 2091 assertiones,
594 2014 632 2074 ab
669 2015 741 2075 olim
777 2034 833 2095 pro
863 2015 1026 2075 haereticis
1053 2012 1291 2089 condemnatas,

361 2096 485 2157 auribus
507 2095 756 2158 christifidelium
780 2098 902 2158 refricet
923 2104 955 2157 et
975 2097 1104 2177 ingerat.
1127 2175 1130 2181 Ι

388 2192 392 2202 ’
442 2194 554 2258 Sedem
567 2196 774 2279 apostolicam
785 2199 999 2275 irreverenter,
1020 2197 1123 2277 palam
1146 2204 1179 2256 et
1201 2215 1289 2255 scan-

361 2278 470 2339 daloso
492 2284 587 2341 taxet.
990 2320 994 2328 s

443 2363 648 2423 Antoritatem
681 2363 791 2422 summi
825 2362 980 2443 pontilicis
1014 2360 1211 2442 impudenter
1245 2367 1290 2420 at-

315 2519 317 2525 ,
360 2451 481 2523 tenuat,
508 2452 617 2525 utpote
647 2446 699 2523 qui
733 2446 831 2506 solam
861 2464 995 2525 poenam
1019 2446 1201 2506 canonicam
1233 2462 1290 2503 seu

361 2527 565 2604 arbitrariam,
599 2526 713 2587 nullam
736 2536 839 2588 autem
862 2548 996 2608 poenam
1019 2526 1187 2589 secuudum
1211 2526 1290 2586 divi-

360 2628 432 2670 nam
453 2611 597 2671 iustitiam
619 2613 754 2690 peccatis
777 2610 928 2689 debitam,
959 2612 1104 2672 divinitus
1132 2610 1191 2669 sibi
1215 2608 1291 2670 data

361 2698 525 2773 potestate,
545 2695 700 2754 remittere
721 2694 837 2773 possit,
866 2713 935 2754 cum
962 2700 1012 2770 (ut
1032 2695 1076 2755 ait
1096 2695 1181 2773 ipsa)
1205 2693 1287 2753 tales

360 2794 480 2854 poenas
502 2777 657 2837 remittere
680 2782 762 2836 esset
784 2776 920 2838 divinum
943 2778 990 2837 ius
1013 2785 1138 2852 mutare,
1162 2776 1288 2836 manda

361 2868 424 2917 tum
443 2858 500 2918 Dei
532 2860 648 2919 irritum
679 2860 797 2938 facere,
829 2861 918 2925 etin
941 2860 1039 2925 Deum
1073 2859 1288 2939 impiissimum

361 2940 569 3001 adversarium
593 2961 677 3019 esse,
705 2944 927 3021 innumeraque
949 2943 1010 3003 alia
1032 2942 1218 3003 scandalosa
1241 2941 1290 3001 his

361 3043 424 3084 non
448 3023 616 3103 absimilia,
643 3026 705 3087 imo
734 3026 879 3107 graviora
909 3032 940 3086 et
956 3026 1177 3105 perniciosiora
1199 3026 1230 3084 iu
1255 3044 1291 3085 se

360 3106 483 3169 habeat.

445 3188 598 3263 Quocirca
620 3210 717 3269 nuper
745 3190 795 3249 die
829 3190 937 3250 Martis
970 3190 1140 3269 penultima
1172 3191 1289 3249 mensis

360 3271 508 3351 Augusti,
541 3272 715 3351 superbae
736 3272 874 3353 legitime
896 3292 1003 3333 omnes
1027 3279 1058 3333 et
1080 3272 1192 3353 singuli
1214 3290 1289 3332 con·

342 3355 482 3432 'vocati,
512 3355 544 3413 in
564 3356 807 3435 congregatione
829 3362 935 3415 nostra
956 3355 1096 3435 publica,
1130 3374 1217 3416 mora
1240 3374 1289 3415 so·

362 3437 430 3515 lito,
452 3438 483 3497 in
506 3445 661 3497 conventu
683 3438 809 3497 fratrum
831 3438 1091 3516 Praedicatorum,
1113 3440 1236 3498 servata
1258 3445 1290 3498 et

360 3519 465 3580 habita
493 3528 611 3579 matura
648 3521 894 3601 pensiculatione
929 3523 1114 3602 praemissa,
1159 3539 1289 3582 concor-

361 3602 439 3663 diter
459 3604 643 3681 censuimus,
667 3611 697 3663 et
719 3602 931 3665 doctrinaliter
952 3604 1169 3680 iudicavimus,
1198 3622 1287 3686 prae

361 3685 456 3746 latum
479 3686 589 3747 librum
612 3689 705 3746 tantis
727 3686 897 3765 scandalis,
921 3687 1074 3749 erroribus
1095 3687 1288 3748 haeresibus·

362 3786 422 3845 que
444 3770 483 3831 ab
507 3770 580 3829 olim
598 3768 750 3831 damnatis
773 3771 928 3849 refertum,
950 3778 1096 3850 tanquam
1119 3771 1287 3832 communi-

275 3896 278 3905 ,
361 3852 415 3909 tati
445 3850 582 3913 fidelium
617 3853 764 3931 noxium,
800 3854 866 3913 iure
899 3854 937 3913 de
968 3854 1070 3914 medic
1105 3853 1288 3932 tollendum,

362 3948 448 3990 usum
472 3936 537 3993 eius
559 3934 1055 4017 inhibendum-supprimendum,
1089 3942 1120 3997 et
1141 3956 1199 4016 per
1221 3955 1287 4015 eos,

362 4010 400 4071 ad
423 4030 501 4091 quos
523 4015 554 4075 id
576 4024 717 4097 spectare
728 4018 907 4097 dinoscitur,
929 4018 993 4100 igni
1008 4019 1132 4099 publice
1149 4038 1288 4081 creman-
