3159 4792
378 511 442 582 218
567 517 693 591 Epistola
711 519 746 575 Ι).
764 519 799 573 it
818 520 897 576 Loth.
915 519 949 574 ad
970 521 1053 577 Leon.
1072 520 1108 578 Χ.

377 701 468 764 dloit:
491 704 609 786 Popule
631 725 736 787 meus,
758 709 809 787 qui
831 713 862 769 te
883 705 1007 769 beatum
1027 705 1217 787 praedioant,
1239 705 1298 784 ipsi

376 793 407 847 te
429 787 595 868 deoipiunt.
638 789 765 870 Errant,
800 793 851 870 qui
883 797 912 852 te
941 809 1035 870 supra
1072 789 1238 850 oonoilium
1268 795 1299 848 ot

375 871 578 931 universalem
601 874 764 934 ecelesiam
776 875 908 935 elevant.
950 873 1071 950 Errant,
1096 874 1148 952 qui
1173 872 1227 932 tibi
1240 872 1299 932 soli

375 953 549 1034 Soripturae
569 957 820 1036 interpretandae
854 959 901 1018 ius
934 957 1084 1035 tribuunt,
1120 973 1191 1015 suas
1216 956 1298 1015 enim

374 1036 405 1097 hi
428 1051 538 1098 omnes
556 1039 731 1120 impietates
763 1041 818 1102 sub
855 1049 907 1101 tuo
945 1041 1072 1101 nomina
1099 1046 1236 1100 statuere
1267 1039 1299 1097 in

375 1120 508 1181 eeclesia
528 1131 693 1200 quaerunt,
717 1131 748 1185 et
767 1124 846 1205 proh
869 1124 976 1202 dolor,
1009 1122 1135 1183 multum
1166 1141 1223 1202 per
1244 1139 1300 1182 eos

375 1209 463 1263 satan
486 1204 618 1284 profecit
639 1209 669 1266 in
692 1209 751 1268 tuis
772 1204 1073 1288 praedeeessoribus.

457 1286 592 1365 Summo,
615 1289 706 1350 nullis
729 1291 830 1367 oredo,
854 1291 1108 1370 quiteexaltant,
1130 1288 1185 1348 sed
1210 1286 1295 1366 quit)

374 1373 405 1428 ta
426 1369 596 1433 humiliant.
639 1373 707 1434 Hoo
725 1375 805 1434 eninr
829 1381 876 1434 est
889 1373 1034 1434 iuditium
1051 1373 1123 1432 Dei:
1147 1372 1302 1450 Deposuit

374 1458 517 1532 potentes
536 1454 575 1514 de
590 1456 674 1532 sede,
697 1463 728 1517 st
746 1458 893 1518 exaltavit
911 1457 1050 1518 humiles.
1094 1453 1182 1532 Vide,
1206 1473 1300 1533 qnam

375 1534 481 1615 dispar
515 1539 554 1597 sit
576 1538 713 1600 Christus
742 1542 804 1601 suis
827 1540 1071 1615 suooessoribus,
1104 1557 1172 1598 oum
1194 1544 1300 1598 tamen
1354 1615 1355 1618 Ἴ

375 1637 482 1679 omnes
505 1621 601 1682 velint
622 1625 686 1683 eius
708 1643 778 1686 esse
799 1625 913 1685 vinarii.
935 1624 976 1684 Et
993 1628 1107 1698 metuo,
1130 1640 1170 1682 ne
1191 1639 1302 1681 revera

373 1702 494 1782 plurimi
517 1723 623 1765 eorum
640 1708 715 1783 sint,
749 1713 780 1768 et
817 1709 943 1767 nimium
977 1707 1057 1767 serio
1087 1704 1192 1764 vioarii
1223 1705 1301 1778 eius,

372 1786 504 1846 vicarius
529 1789 609 1848 enim
632 1790 768 1851 absentis
795 1792 939 1871 principis
961 1794 1017 1850 est.
1062 1786 1152 1862 Quod
1176 1788 1201 1846 si
1223 1805 1299 1866 pon·

373 1870 447 1928 tifex
475 1870 604 1931 absente
620 1872 741 1934 Christo
771 1881 803 1933 et
824 1893 885 1933 non
924 1873 1115 1933 inhabitants
1149 1872 1180 1930 in
1204 1869 1300 1930 eorde

375 1953 440 2012 eius
464 1956 594 2031 praesit,
627 1954 699 2033 quid
722 1956 805 2015 aliud
835 1973 925 2034 quam
950 1956 1080 2015 uiuamus
1104 1952 1216 2013 Christi
1232 1952 1299 2012 esti

377 2035 418 2094 At
435 2035 506 2113 quid
522 2045 587 2097 tum
610 2038 663 2098 illa
685 2039 816 2098 eeclesia
838 2039 896 2098 nisi
908 2037 1071 2098 mullitudo
1092 2038 1159 2096 sine
1174 2035 1299 2096 Christo

372 2118 444 2177 esti
475 2116 555 2193 Quid
590 2139 663 2181 vero
696 2122 766 2181 talis
800 2123 930 2181 vinarius
953 2123 1010 2180 nisi
1043 2119 1240 2180 antiohristus
1273 2126 1303 2178 et

371 2200 488 2261 idolum
512 2203 582 2262 est?
614 2203 736 2279 Quanto
754 2207 866 2265 reatius
886 2204 1037 2284 apostoli,
1060 2204 1110 2281 qui
1133 2222 1168 2262 se
1190 2221 1300 2262 servos

374 2282 484 2344 Ohu'sti
507 2287 665 2366 appellant
687 2290 877 2368 praesentis,
911 2307 973 2347 non
996 2287 1128 2346 vicarios
1151 2285 1299 2347 absentis.

457 2368 621 2448 lmpudens
654 2371 733 2432 forte
760 2392 842 2447 snm,
883 2377 1009 2430 tantum
1034 2370 1180 2428 verticem
1215 2369 1300 2428 visus

375 2449 508 2528 dooere,
531 2471 631 2532 aquo
655 2454 759 2514 doceri
782 2472 891 2515 omnes
914 2458 1052 2532 oportet,
1087 2459 1118 2511 et
1140 2452 1219 2512 siout
1239 2452 1299 2510 iao·
1365 2495 1369 2503 i

374 2539 442 2592 tant
473 2537 667 2612 pestilentiae
700 2543 789 2612 tuae,
823 2555 925 2616 aquo
964 2535 1163 2595 iudicantium
1195 2535 1298 2594 throni

372 2617 528 2694 aooipiunt
550 2621 744 2695 sentent-iam,
767 2620 823 2680 sed
844 2620 982 2680 aemulor
1003 2618 1033 2678 S.
1053 2617 1241 2678 Bernardum
1265 2619 1296 2676 iu

272 2765 276 2772 ,
372 2696 478 2758 libello
501 2699 539 2759 de
563 2702 688 2763 Consid.
711 2703 748 2762 ad
766 2703 949 2783 Eugenium,
972 2702 1056 2762 omni
1075 2699 1214 2780 pontilioi
1236 2719 1299 2760 ma

373 2782 501 2857 moriter
522 2786 699 2865 noseend03
721 2805 821 2865 neque
844 2788 925 2846 enim
950 2782 1081 2844 doesndi
1104 2783 1220 2860 studio,
1244 2781 1298 2842 sed

372 2883 468 2943 purae
490 2865 652 2946 fidelisque
674 2868 888 2929 sollicitudinis
902 2867 1077 2928 olliaiohoo
1097 2867 1196 2945 saoio,
1219 2884 1299 2944 quae

375 2948 459 3028 cogit
480 2969 538 3010 nos
561 2953 651 3011 etiem
676 2954 780 3012 omnia
802 2960 867 3013 tuta
884 2951 980 3012 vereri
1004 2949 1152 3030 proximis
1174 2950 1299 3026 nostris,

372 3047 431 3090 neu
452 3034 725 3110 patiturratiouem
740 3035 896 3116 dignitatis
913 3041 965 3094 aut
976 3031 1167 3112 indignitatis
1183 3031 1300 3109 haberi,

374 3113 451 3173 solis
475 3117 616 3193 perieulis
627 3123 659 3179 et
673 3119 845 3178 commodis
859 3118 966 3177 alienis
978 3117 1104 3177 intenta.
1128 3114 1204 3176 Cum
1217 3116 1298 3174 enim

331 3237 334 3242 -
373 3197 467 3255 seiam
475 3198 510 3258 T.
519 3200 552 3260 B.
569 3203 683 3260 versari
699 3201 874 3262 etfluetuari
889 3200 1017 3276 Romae,
1030 3197 1060 3258 id
1074 3206 1129 3276 est,
1142 3197 1297 3270 summo²)

375 3280 450 3338 mari
479 3280 605 3342 infinitis
634 3285 777 3363 perieulis
798 3283 931 3361 undique
964 3287 1106 3362 urgente,
1141 3288 1173 3342 et
1209 3299 1248 3340 ea
1269 3287 1300 3340 te

374 3361 516 3424 miseriae
537 3364 715 3427 eonditioue
744 3367 949 3441 laborantem,
982 3371 1016 3425 ut
1037 3365 1130 3424 etiam
1152 3363 1300 3444 ouiusqua

375 3446 493 3505 minimi
529 3447 629 3507 fratris
661 3450 787 3509 minima
818 3467 879 3529 ope
906 3449 1062 3527 indigeas,
1097 3465 1158 3507 nou
1193 3446 1301 3507 videor

373 3528 448 3588 mihi
470 3529 630 3609 absurdus,
652 3534 677 3591 si
698 3533 818 3592 interim
841 3533 1009 3592 maiestatis
1031 3538 1102 3590 tuae
1124 3529 1299 3608 obliviscar,

377 3610 448 3670 dum
472 3612 606 3673 officium
636 3617 771 3675 paritatis
793 3615 979 3694 implevero,
1012 3614 1086 3673 uolo
1120 3612 1239 3673 adulari
1267 3614 1298 3672 in

374 3711 407 3753 re
428 3699 489 3754 tam
512 3697 592 3757 seria
624 3706 655 3759 et
675 3699 866 3778 periculosa,
900 3700 932 3758 in
961 3697 1069 3776 quasi
1091 3697 1207 3756 amious
1230 3713 1300 3755 esse

374 3784 406 3835 st
427 3779 495 3857 plus
519 3798 610 3858 quam
635 3780 876 3843 subiectissimus
900 3780 955 3842 tibi
977 3797 1038 3840 non
1049 3779 1218 3860 intelligar,
1253 3784 1300 3839 ost

374 3860 424 3937 qui
445 3862 598 3943 intelligat
618 3871 650 3925 et
670 3865 793 3925 iudioet.

375 3976 786 3996 ''fl—*uu*—

450 4039 478 4105 1)
496 4039 528 4095 In
547 4041 590 4095 ed.
613 4041 700 4098 1521:
715 4041 765 4096 ssd
784 4045 819 4097 iis
839 4039 894 4110 qui.
931 4035 965 4104 2)
987 4033 1107 4091 totum
1125 4034 1227 4092 madia
