3159 4792
378 496 421 563 42
599 499 645 555 Ad
663 505 864 572 aegocerotas:
883 502 1067 559 Emtsrauum

376 687 600 831 dindima&
633 690 810 769 expurgati,
842 689 978 750 damnati
1008 695 1080 749 sumt
1100 688 1230 749 aliorum
1251 689 1294 748 iu·

439 790 533 927 ⁰Quis
556 860 604 914 est
624 873 699 933 ergo
716 874 815 916 nov-us
830 856 888 917 ists
912 856 1003 928 furor,
1027 854 1088 914 heo
1105 854 1170 914 iure
1191 854 1294 914 divino

373 943 517 1013 statuere,
539 944 572 996 ut
593 944 754 1017 peecatum
777 940 808 999 in
831 939 964 999 eeclesia
984 938 1168 1016 impunitum
1188 942 1296 1015 regnet

376 1020 464 1081 titulo
487 1020 687 1081 maioritstis?
724 1020 773 1081 An
802 1023 848 1081 ius
871 1022 1007 1081 divinum
1027 1019 1144 1081 fseiunt
1164 1020 1294 1099 patrosi-

373 1104 456 1162 nium
478 1103 664 1183 impietatis?
685 1104 828 1184 Denique
849 1106 988 1185 pontifex
1008 1121 1071 1165 non
1094 1102 1295 1163 estdominus

373 1186 545 1265 ecelesiae,
575 1186 630 1247 sed
652 1191 759 1247 servus
781 1194 813 1249 et
835 1206 1042 1264 osoonomus,
1074 1187 1143 1266 ipsa
1162 1186 1295 1247 Domina
1388 1262 1391 1271 Δ

372 1274 403 1329 et
424 1270 541 1350 regina,
563 1269 648 1330 solus
670 1268 807 1333 christus
828 1270 981 1347 domiuus,
1004 1287 1063 1331 neo
1084 1274 1131 1329 est
1151 1288 1295 1349 sponsus,

372 1354 452 1413 sieut
473 1353 596 1432 quidam
618 1355 775 1433 garriunt,
805 1353 943 1415 Christus
965 1370 1098 1433 sponsus
1121 1358 1178 1415 est.
1220 1350 1295 1413 ldso

372 1435 521 1514 eeclesia,
558 1455 638 1515 qnae
667 1439 715 1497 est
741 1456 832 1497 unum
856 1455 968 1517 oorpus
996 1455 1066 1497 oum
1087 1453 1204 1515 sponso
1228 1453 1296 1513 suo,

372 1519 497 1579 domins
519 1527 567 1580 est
588 1520 726 1581 omnium
752 1520 883 1581 aliorum
905 1517 1128 1594 membrorum,
1157 1536 1216 1578 neo
1242 1517 1296 1579 ulii

372 1601 510 1663 membro
548 1603 701 1682 subieets,
741 1604 800 1663 nisi
839 1603 890 1663 uni
926 1621 983 1663 suo
1015 1618 1150 1681 sponso,
1171 1610 1296 1662 uetera

372 1687 477 1746 omnis
498 1686 556 1747 sibi
578 1686 717 1747 subiecto
737 1691 810 1747 sunt
831 1691 977 1765 tunquam
999 1685 1126 1765 reginae
1148 1702 1294 1764 sponsae.

454 1768 502 1829 Da
534 1788 609 1849 ergo
638 1770 787 1831 Romanis
817 1768 1012 1848 pontifioibus
1044 1765 1204 1846 quodlibet
1233 1786 1293 1827 ser·

371 1850 439 1910 vilis
462 1854 643 1932 potestetis,
678 1852 772 1913 modo
801 1871 841 1912 ne
871 1852 942 1912 mihi
970 1853 1037 1911 iure
1065 1849 1173 1911 divino
1198 1850 1295 1911 tulero

370 1939 498 2012 statues,
520 1935 572 2013 qui
593 1934 669 1994 nulli
692 1936 732 1995 sit
743 1933 910 2013 subiectus,
933 1936 998 1994 sive
1019 1933 1118 1995 bonus
1141 1932 1208 1995 sive
1231 1951 1294 1993 ma-

370 2016 435 2093 lus,
457 2016 520 2077 hoe
540 2018 620 2078 enim
643 2017 687 2077 illi
706 2024 861 2097 'quaerunt
881 2018 967 2097 impii
987 2018 1061 2077 iuris
1083 2016 1178 2076 divini
1199 2016 1295 2077 viola-

370 2105 454 2159 tores
468 2099 512 2176 ³).
556 2100 656 2161 Crede
678 2101 752 2161 mihi
773 2101 902 2180 fortiter,
925 2101 982 2160 nisi
1004 2101 1085 2160 hano
1106 2104 1296 2179 potestatem

368 2182 433 2241 iure
455 2180 559 2243 divino
582 2202 616 2243 se
639 2189 774 2245 statuere
796 2201 890 2263 posue
918 2183 1063 2261 viderint,
1093 2181 1148 2242 sed
1169 2180 1296 2243 ouibbsr

368 2262 558 2343 Christiano,
595 2266 770 2346 ubieunque
798 2275 906 2328 eontra
938 2265 1134 2347 evangelium
1163 2267 1294 2345 egerint,

369 2348 524 2410 subieotos
547 2368 581 2410 se
602 2349 770 2429 audierint,
789 2350 922 2411 buturum
945 2356 1007 2425 est,
1029 2351 1063 2409 ut
1084 2366 1142 2409 noo
1161 2348 1228 2409 iure
1251 2348 1293 2409 di·

369 2432 442 2493 vino
484 2450 542 2493 nee
573 2433 707 2497 humano
737 2433 835 2493 velint
870 2432 1058 2494 monsrohas
1089 2430 1295 2493 eedssirsuoi

369 2513 460 2574 esse?
493 2513 570 2589 Quis
604 2517 739 2577 enimin
762 2523 850 2577 tanto
873 2516 943 2577 loeo
982 2521 1029 2576 tot
1056 2514 1189 2577 dominis
1218 2514 1296 2575 velit

261 2669 265 2675 ,
369 2597 524 2657 subieetus
548 2598 637 2659 esse?
676 2618 735 2659 nee
756 2599 896 2678 dubites,
929 2598 1032 2680 plures
1060 2603 1134 2658 tuno
1153 2598 1293 2677 reperiri,

369 2680 420 2759 qui
440 2680 641 2761 impugnent,
675 2683 885 2743 monarchiam
907 2699 1100 2761 nequequam
1126 2698 1196 2741 esse
1219 2682 1293 2741 iuris

368 2760 479 2840 divini,
509 2782 599 2842 quam
622 2783 704 2824 nuno
725 2766 801 2841 sint,
824 2766 874 2844 qui
897 2770 1110 2846 propugnent,
1133 2769 1197 2823 tum
1221 2782 1294 2824 msa

367 2846 520 2906 sententia
540 2848 615 2907 sotis
637 2866 746 2908 seeura
766 2848 833 2911 erit.

408 2981 413 2986 ,
449 2927 494 2989 At
520 2928 605 2990 dioes
631 2930 692 2991 hae
717 2931 853 2992 ratione:
889 2929 997 2990 Nullus
1029 2929 1198 3009 episeopus
1233 2929 1293 2989 erit
1411 2978 1412 2985 ,

366 3010 433 3071 iure
455 3009 559 3074 divino
582 3014 723 3094 superior
756 3020 787 3075 ot
813 3012 899 3075 nulla
927 3014 985 3073 erit
1018 3013 1050 3072 in
1082 3010 1216 3072 eoolesis
1237 3029 1294 3090 po

367 3098 462 3154 testas
485 3103 538 3156 eut
557 3098 725 3157 maioritas.
769 3097 847 3158 Dico
870 3101 969 3173 oerte,
990 3094 1075 3155 nulla
1097 3100 1146 3155 est
1167 3094 1293 3154 maiori·

367 3182 430 3254 tas,
457 3179 529 3256 quis
549 3178 631 3240 hano
652 3178 790 3240 Christus
811 3177 967 3259 prohibuit
988 3176 1105 3239 dieens:
1145 3175 1205 3251 Qui
1226 3176 1295 3237 vult

367 3276 437 3318 esse
462 3262 573 3337 oraior,
600 3262 640 3321 sit
660 3268 763 3321 vestes
783 3278 899 3321 servus.
941 3260 1083 3321 Potestas
1105 3266 1206 3320 autem
1228 3278 1293 3320 ser-

367 3342 447 3401 vitus
470 3349 502 3402 et
524 3344 722 3403 ministerium
746 3350 811 3423 est,
847 3344 919 3405 ideo
941 3344 1037 3425 longe
1057 3342 1139 3403 eliud
1167 3348 1216 3402 est
1236 3360 1292 3422 po·

368 3430 463 3484 testas
492 3425 658 3503 eeclesiae,
693 3445 784 3505 quam
817 3431 956 3507 potestas
985 3424 1106 3502 mundi,
1144 3424 1199 3485 illa
1227 3444 1293 3485 ser-

367 3508 489 3585 viendi,
523 3508 602 3568 haee
622 3508 802 3570 dominandi
824 3515 962 3591 potestus
985 3515 1042 3571 est.
1086 3507 1137 3568 flio
1164 3512 1292 3588 aposto·

276 3628 279 3635 1
366 3589 414 3650 lus
431 3591 485 3668 ⁸),
525 3592 576 3670 qui
610 3592 822 3673 episcopatum
854 3592 1026 3670 desideret,
1062 3591 1177 3653 bonum
1210 3610 1292 3670 opus

367 3671 529 3736 desiderat.
572 3673 692 3735 Bonum
728 3695 825 3756 opus,
863 3676 978 3755 inquit,
1010 3681 1052 3735 at.
1071 3675 1193 3755 operari
1227 3693 1291 3735 sera

345 3992 347 3996 ,
438 3939 469 4079 tp
486 3940 521 4068 pn
532 3941 663 4068 ¹153„ng
682 3948 709 3996 et
728 3944 818 3998 wite:
837 3941 1028 4013 vitiligatores.
