3159 4792
363 464 426 535 154
641 518 644 527 ,
700 468 855 527 erudiendi
872 471 945 528 redo

448 654 513 717 Nos
534 656 566 715 in
588 661 676 717 textu
694 655 852 719 reddendo
875 658 973 720 secuti
994 677 1101 723 sutnus
1121 658 1290 721 editionem

364 738 666 819 Vittenbergensem,
688 758 766 816 quse
788 759 818 801 e.
842 742 924 805 1520
944 742 975 800 in
989 741 1120 803 nedibus
1140 742 1192 804 Jo.
1213 740 1291 802 Gru-

365 822 524 903 nenbergii
549 822 635 901 prelo
657 823 808 902 impresse
830 830 887 883 est.

364 1056 540 1127 doulltcndi
561 1056 647 1125 rutlo
668 1056 703 1123 D.
723 1056 857 1125 llcrtiui
878 1056 1027 1135 hutten,
1055 1060 1294 1145 Augustiuiuui

673 1139 977 1225 Wittenbergsnsis.
1394 1175 1395 1188 ι

752 1292 898 1357 Primum.

446 1446 577 1523 Quando
600 1454 706 1509 nostro
727 1450 833 1511 seculo
856 1448 992 1509 omnium
1008 1449 1105 1509 ferme
1128 1451 1291 1510 conscien-

364 1532 426 1592 tine
449 1539 519 1591 sunt
539 1533 687 1593 infalsam
711 1551 785 1593 suae
808 1533 940 1593 iustitiae
962 1538 992 1593 et
1010 1551 1137 1613 operum
1163 1550 1290 1598 suorum

363 1615 504 1675 fiduciam
527 1616 668 1677 humanis
698 1615 846 1677 doctrinis
870 1614 1039 1694 abductae,
1074 1614 1201 1695 fereque
1226 1637 1293 1676 eru-

363 1698 437 1758 ditio
459 1698 531 1757 fidei
553 1706 584 1759 et
607 1701 637 1759 in
661 1698 758 1758 Deum
781 1698 912 1759 fiduciae
936 1697 1138 1759 obmutuerit:
1172 1698 1290 1760 idcirco

365 1788 396 1841 et
418 1780 597 1843 confessuro
622 1784 829 1842 necessarium
850 1789 897 1841 est
918 1787 991 1842 ante
1013 1782 1134 1859 omnia,
1170 1788 1202 1842 ut
1225 1801 1288 1843 non
1395 1785 1396 1824 ι

364 1862 476 1924 fiducie
498 1864 701 1925 confessionis
723 1866 773 1925 vel
799 1864 960 1925 faciendae
982 1865 1030 1924 vel
1045 1865 1146 1925 lectae
1168 1866 1293 1941 nitetur,

365 1946 419 2007 sed
455 1948 484 2005 in
521 1947 615 2007 solius
644 1946 708 2007 Dei
738 1948 1008 2008 clementissimam
1054 1949 1292 2028 promissionem

365 2036 430 2090 tote
453 2029 523 2089 fidei
547 2030 736 2109 plenitudine
760 2029 906 2107 confidat,
929 2032 1115 2091 certissimus
1136 2028 1292 2108 videlicet,

366 2110 460 2192 quod,
485 2114 536 2190 qui
561 2112 740 2175 confessuro
764 2121 895 2193 peccato
916 2133 971 2173 sue
994 2115 1134 2193 promisit
1155 2115 1293 2190 veniam,
1351 2181 1360 2197 .

367 2196 608 2277 promissionem
633 2216 718 2257 suam
742 2194 920 2257 fidelissime
941 2196 1118 2276 praestabit.

449 2278 518 2340 Nou
543 2282 623 2340 enim
648 2281 719 2359 quio
741 2300 799 2341 nos
822 2280 1018 2355 confitemur,
1050 2280 1104 2341 sed
1133 2280 1205 2360 quic
1227 2281 1294 2361 ipse

366 2363 508 2442 promisit
530 2365 652 2423 veniam
672 2361 906 2440 confitentibus,
934 2362 1129 2443 gloriandum
1153 2370 1211 2443 est,
1233 2363 1294 2424 hoc
1396 2411 1397 2426 2

368 2451 424 2521 est,
445 2464 506 2505 non
530 2452 656 2525 propter
678 2452 804 2507 nostrae
820 2446 1024 2507 confessionis
1047 2444 1227 2527 dignitatem
1242 2455 1294 2507 nut

370 2526 583 2588 sufficientiam
601 2535 688 2603 (cum
709 2530 778 2589 talis
801 2529 885 2589 nulla
908 2530 977 2607 sit),
1000 2528 1053 2588 sed
1068 2535 1194 2609 propter
1217 2550 1293 2590 suae

367 2611 580 2691 promissionis
603 2614 762 2673 veritatem
794 2619 825 2673 et
847 2608 1068 2674 certitudinem.
1112 2611 1197 2673 Sicut
1219 2612 1295 2673 dicit

365 2692 446 2754 Psel.
470 2695 509 2756 24
527 2692 567 2776 ¹):
612 2696 740 2775 Propter
760 2692 874 2756 nome'n
898 2703 998 2774 tuum,
1021 2695 1169 2774 Domine,
1191 2696 1293 2776 propi-

366 2776 491 2837 lieberis
527 2785 656 2857 peccato
682 2796 769 2856 meo,
803 2796 865 2839 uon
893 2779 949 2855 ait,
983 2784 1109 2857 propter
1142 2798 1210 2856 me,
1243 2786 1296 2838 eut

367 2876 466 2919 mesm
491 2859 687 2941 dignitatem,
720 2868 772 2922 eut
802 2879 916 2922 nornen
939 2880 1058 2940 meum,
1091 2861 1146 2921 sed
1168 2868 1295 2942 propter

367 2960 481 3003 nomen
504 2950 587 3004 tuum
612 2950 672 3006 etc.

430 3029 473 3086 ltu
485 3046 569 3106 sane,
582 3034 615 3087 ut
629 3047 705 3108 opus
724 3026 928 3087 confessionis
948 3025 1022 3086 nihil
1038 3025 1120 3087 eliud
1135 3027 1183 3104 sit,
1201 3045 1292 3107 quum

368 3111 494 3170 occasio
520 3107 681 3189 quaedam,
705 3128 764 3190 qua
785 3109 869 3169 Deus
892 3116 1078 3190 provocetur
1102 3109 1141 3169 ad
1163 3111 1293 3189 promis·

372 3193 491 3253 sionem
515 3212 601 3253 suem
625 3192 823 3273 implendam,
845 3193 908 3252 imo
931 3210 991 3271 qua
1013 3210 1070 3253 nos
1093 3211 1294 3254 exerceamur

368 3272 408 3334 ad
430 3274 522 3334 fidem
544 3276 759 3355 promissionis
783 3274 850 3336 sine
872 3274 965 3337 dubio
988 3274 1226 3354 adipiscendae,
1263 3283 1296 3336 ut

367 3358 412 3418 sic
433 3377 495 3417 non
518 3357 618 3435 nobis,
642 3359 783 3435 Domine,
807 3357 861 3418 sed
876 3357 992 3418 nomini
1007 3364 1060 3419 tuo
1075 3358 1130 3418 des
1152 3358 1294 3440 gloriam,

368 3446 400 3501 et
415 3440 564 3519 laeteris,
598 3461 659 3502 non
685 3462 753 3503 cum
776 3440 1019 3502 benefecerimus
1042 3440 1114 3518 tibi,
1147 3441 1201 3501 sed
1225 3461 1294 3502 cunr

371 3523 562 3584 benefeceris
587 3531 618 3585 tu
641 3525 739 3602 nobis,
764 3530 797 3584 ut
811 3544 866 3604 per
888 3522 1084 3584 Ezechielem
1108 3524 1193 3585 diois.
1229 3525 1295 3585 Hac

371 3608 491 3670 ratione
514 3605 576 3685 liet,
599 3614 642 3684 ut,
667 3609 716 3687 qui
739 3607 901 3689 gloriatur,
926 3609 957 3667 in
980 3606 1114 3668 Domino
1136 3608 1295 3688 glorietur,

270 3736 272 3741 .
369 3695 400 3750 et
422 3710 484 3751 non
507 3710 542 3751 se
563 3692 662 3770 ipsum
687 3687 897 3767 commendet,
923 3688 976 3749 sed
999 3690 1129 3770 gratiam
1151 3691 1209 3750 Dei
1230 3693 1295 3772 glo·

371 3770 477 3837 rificet.
520 3772 560 3833 nt
582 3775 655 3852 erit,
697 3782 730 3833 ut
753 3776 793 3834 sit
821 3772 977 3835 confessio
1015 3779 1047 3833 et
1068 3771 1298 3854 magnificentia

370 3873 448 3941 opus
470 3856 551 3933 Dei,
568 3856 647 3918 Psel.
674 3860 733 3921 110
745 3854 791 3938 ²).

375 3976 793 3987 Μ--ώ-

443 4009 473 4077 1)
496 4010 524 4063 ln
543 4010 586 4065 ed.
606 4008 688 4067 dem:
710 4008 753 4065 25.
791 4006 921 4075 mord:
942 4006 1002 4063 111.
