3159 4792
515 445 519 454 ’
571 480 939 548 dorsumdurum
1155 480 1217 552 231

285 671 365 746 tata,
389 676 425 732 ut
448 670 574 734 virtutos
596 670 852 749 summissius,
881 671 935 750 qui
956 673 1080 736 vooavit
1101 690 1159 734 vos
1180 671 1220 742 ds

284 753 421 816 tenebris
442 754 473 813 in
496 751 678 815 admirabile
698 753 807 814 lumen
825 774 928 817 suum.

368 835 458 913 Quas
480 836 542 900 duo
577 838 624 897 siu
658 857 692 897 ss
714 838 841 900 babent.
886 837 1036 914 Primum,
1074 836 1157 916 quod
1180 837 1219 904 ad

283 941 414 1002 regnum
438 921 587 1000 pertinet,
617 920 746 1000 quilibet
768 921 959 982 Christianus
983 940 1038 1000 par
1060 919 1153 983 iidem
1172 922 1220 982 sio

285 1002 499 1086 magniliaatur
519 1005 739 1083 superomnia,
762 1010 796 1065 ut
810 1003 960 1084 spirituali
973 1005 1113 1084 potentia
1135 1023 1219 1083 prur-

283 1107 336 1150 sus
369 1088 507 1148 omnium
529 1085 672 1149 dominus
693 1088 748 1162 sit,
783 1088 828 1148 ita
856 1097 890 1148 ut
917 1087 1002 1148 nulla
1024 1088 1151 1148 omuino
1175 1106 1219 1150 ra-

282 1190 351 1232 mm
373 1171 474 1251 possit
495 1170 524 1232 ei
545 1169 712 1249 quidquam
735 1189 867 1248 uouere,
889 1172 952 1232 imo
976 1171 1080 1233 omnia
1102 1168 1219 1233 subies

284 1261 315 1314 ta
349 1255 378 1313 ei
421 1256 573 1334 coguntur
606 1255 721 1314 servire
765 1253 804 1313 ad
838 1253 979 1316 salutem.
1023 1253 1075 1316 Sis
1106 1252 1218 1316 Paulus

283 1337 376 1398 Rom.
397 1334 427 1398 8.
451 1335 538 1396 diait:
563 1333 675 1409 Omnia
692 1343 898 1416 oooperantur
910 1338 939 1396 in
963 1336 1078 1398 bouum
1101 1336 1219 1414 elsatia

219 1430 222 1438 ’
282 1421 359 1479 item
386 1422 414 1479 1.
437 1417 507 1480 Gor.
530 1420 567 1482 3:
588 1417 701 1480 Omnia
723 1427 835 1497 vestra,
858 1421 923 1480 siva
942 1439 1035 1494 mors,
1058 1420 1218 1496 siverim,

282 1505 351 1562 siva
372 1501 530 1579 instantia,
553 1502 620 1561 sive
641 1503 752 1580 futura,
775 1521 830 1562 vos
853 1511 955 1563 autam
979 1501 1104 1562 Christi.

366 1583 438 1644 Non
460 1582 543 1662 quod
566 1586 720 1664 oorporali
744 1587 884 1665 potantia
907 1586 1068 1665 quisquam
1092 1583 1216 1647 Christi-

282 1687 415 1729 auorum
448 1669 667 1746 superomnia
694 1669 879 1730 constitutus
911 1670 953 1728 sit
976 1665 1164 1747 possidenda
1187 1675 1218 1727 at

284 1749 466 1827 tractanda,
499 1768 560 1828 quo
583 1750 687 1811 turora
717 1753 831 1831 passim
861 1750 1063 1825 ecelesiastici
1093 1750 1216 1828 quidam

282 1834 451 1896 insaniunt.
472 1831 541 1893 Hos
563 1835 643 1897 enim
665 1853 787 1914 regum,
809 1835 980 1914 principum
1005 1839 1036 1893 et
1056 1832 1216 1896 homiuum

285 1918 386 1978 estin
408 1922 507 1992 tarra3
539 1915 663 1993 quaudo
685 1918 754 1996 ipso
778 1917 860 1979 vitae
884 1936 939 1977 usu
962 1915 1121 1991 videmus,
1158 1935 1216 1976 uos

286 1999 430 2061 omnibus
452 1997 570 2074 subiici,
593 1999 689 2059 multa
710 2000 790 2079 pati,
819 2007 911 2078 atqua
930 1999 1012 2060 adeo
1035 2000 1131 2073 mori,
1152 2001 1216 2067 imo

284 2102 348 2163 quo
370 2081 574 2144 Christiauior
595 2084 757 2162 quisquam
778 2089 835 2162 est,
858 2081 919 2142 hoo
940 2082 1077 2161 pluribus
1098 2081 1214 2143 subtsa-

285 2174 333 2227 tus
358 2172 407 2228 est
429 2164 534 2243 malis,
562 2164 759 2244 passionibus
782 2172 813 2225 et
838 2165 1002 2240 mortibus,
1038 2165 1122 2225 utin
1146 2165 1216 2246 ipso

284 2249 426 2330 principe
454 2248 660 2327 primogenito
683 2247 804 2309 Christo
838 2258 870 2308 et
906 2246 1047 2310 omnibus
1076 2247 1216 2310 fratribus

284 2333 349 2394 suis
372 2331 488 2391 sanatis
511 2329 659 2392 videmus.

367 2413 513 2475 Potentia
534 2414 613 2474 baeu
641 2413 807 2493 spiritualis
837 2421 902 2491 ast,
935 2431 1014 2490 quaa
1041 2411 1217 2473 dominatur

284 2501 316 2559 iu
339 2495 444 2558 medio
466 2495 669 2573 inimieorum,
693 2504 724 2557 st
746 2502 859 2575 potans
881 2497 979 2556 estin
1003 2494 1111 2556 mediis
1133 2513 1217 2572 pres-

285 2582 375 2642 suris.
420 2576 512 2653 Quod
534 2585 581 2638 est
603 2578 688 2640 aliud
711 2579 808 2657 nibil,
842 2597 933 2658 quam
963 2579 1045 2657 quod
1070 2578 1165 2638 virtus
1187 2578 1219 2636 in

285 2663 469 2726 infirmitate
491 2659 655 2740 perimitur,
678 2667 710 2722 et
731 2663 762 2722 iu
786 2661 928 2725 omnibus
950 2681 1076 2742 possum
1102 2661 1216 2723 luorum

286 2748 394 2808 fauere
416 2742 533 2824 salutis,
555 2743 645 2820 adso,
670 2751 703 2805 ut
723 2764 800 2805 orux
822 2752 853 2804 et
874 2763 957 2805 mors
971 2751 1122 2825 cogantur
1144 2744 1218 2805 mihi

287 2830 406 2892 servire
428 2835 459 2887 at
481 2829 642 2907 cooperari
663 2828 703 2888 ad
725 2827 915 2904 salutem*).
957 2828 1044 2890 Haeo
1067 2835 1114 2886 est
1136 2827 1217 2886 enirn

287 2912 386 2974 ardua
408 2918 440 2971 et
459 2909 588 2989 insignis
618 2909 766 2990 dignitas,
800 2930 935 2988 veraque
967 2918 998 2972 st
1022 2911 1218 2986 omnipotens

310 3001 440 3065 mestas,
463 2992 622 3073 spirituale
642 2995 815 3073 imperium,
840 2995 870 3054 iu
894 3012 955 3070 quo
978 2991 1062 3054 nulla
1084 3009 1132 3050 res
1156 2998 1217 3050 tam

287 3017 391 3155 bona,
424 3075 510 3136 nulla
541 3082 604 3138 tam
635 3077 734 3155 mala,
768 3096 847 3156 quae
870 3093 932 3136 non
954 3077 985 3134 in
1007 3074 1122 3134 bonum
1145 3072 1218 3130 mibi

288 3166 491 3242 oooparstur,
525 3159 550 3218 si
579 3157 673 3221 modo
704 3158 882 3236 crodider03
913 3159 997 3219 nulla
1019 3165 1120 3219 tamen
1145 3154 1219 3214 mihi

290 3263 368 3325 opus
393 3249 441 3302 est
456 3244 545 3318 (uum
567 3242 636 3304 sola
658 3241 735 3303 tides
759 3241 891 3303 sufficiat
912 3241 951 3302 ad
974 3241 1136 3318 salutem),
1159 3239 1217 3298 nisi

289 3325 373 3407 quod
407 3323 485 3386 tides
514 3325 545 3384 iu
576 3344 617 3386 aa
645 3326 787 3386 virtutam
817 3333 849 3386 et
880 3325 1040 3404 imperium
1070 3321 1219 3384 libertatis

292 3429 368 3472 suas
392 3415 548 3470 exsruaat
589 3407 674 3470 ane
694 3409 774 3469 hasa
795 3415 843 3470 est
870 3407 1111 3470 Christianorum
1133 3407 1217 3464 inae-

281 3491 454 3554 'stimsbilis
476 3493 618 3571 potantia
638 3497 670 3552 et
690 3491 824 3554 libertas.

375 3573 443 3636 Nea
462 3574 562 3635 solum
585 3594 675 3655 rages
698 3575 834 3636 omnium
858 3573 1018 3651 liberrimi,
1043 3571 1097 3632 sad
1120 3588 1218 3630 sacer-

293 3657 383 3720 dotes
406 3676 530 3737 quoque
553 3677 658 3719 sumus
679 3658 711 3717 in
727 3665 895 3730 aeternum,
919 3655 1001 3734 quod
1016 3657 1109 3734 louge
1122 3671 1219 3732 ragno

294 3741 511 3819 excellentius,
542 3739 626 3819 quod
658 3760 714 3820 par
736 3739 939 3806 sacerdotium
953 3739 983 3813 ¹)
1009 3738 1093 3817 digui
1115 3754 1219 3796 sumus

300 3905 632 3915 Ἣ

364 4016 397 4083 1)
419 4015 450 4068 Iu
470 4015 515 4069 sd.
536 4008 1015 4074 1521etJeu.=exce11enuua‚.per
1035 4004 1220 4060 sacerdotium

295 4088 374 4143 anim.
413 4083 447 4156 *J
469 4088 496 4142 1.
517 4085 583 4142 (lor.
605 4083 651 4140 12.
697 4086 703 4092 “
