3159 4792
416 527 421 536 '
494 542 547 595 pro
566 527 818 583 trummacum
833 526 971 581 θιιοιιιιι
1138 522 1200 589 1οῘ

275 711 417 775 sionibus
449 732 506 775 nos
536 716 674 792 terreri,-
702 713 778 775 vidit
798 705 939 775 mortem
972 713 1138 792 cxpavcsoi
1170 718 1201 772 et

276 796 405 857 horreri.
449 795 523 859 ideo
545 799 624 857 sicut
646 797 800 879 piissimus
822 802 928 876 pastor
949 803 983 855 et
1003 795 1200 856 fidelissimus

275 878 425 956 medicus,
445 879 518 941 huic
539 881 621 941 malo
643 888 750 942 nostro
778 879 904 940 modum
927 880 1097 958 positurus,
1119 879 1201 940 fasti·

274 972 327 1024 nat
354 970 388 1022 et
416 969 532 1027 artatur
560 965 657 1041 mori,
697 971 729 1025 et
759 970 842 1025 tactu
871 982 929 1023 sno
958 963 1082 1025 easdem
1111 962 1201 1023 nobis

274 1045 506 1109 commendare.

361 1164 407 1223 lta
445 1171 478 1223 ut
519 1184 601 1225 murs
631 1162 796 1227 Christiani
807 1162 953 1261 Πιιιιιιιιιιιι
980 1166 1018 1224 ιιι
1047 1161 1201 1240 habenda,

275 1246 354 1307 sicut
377 1248 581 1308 aeneusMosi
604 1268 742 1328 serpens,
765 1248 816 1330 qui
834 1248 968 1329 speeiem
992 1244 1114 1341 quidem
1138 1266 1199 1305 ser·

275 1330 377 1411 pentis
400 1350 455 1409 per
478 1332 585 1391 omnia
609 1336 726 1404 servat,
755 1330 815 1391 sed
848 1336 929 1391 totus
960 1338 1008 1391 est
1036 1330 1102 1389 sine
1129 1330 1202 1427 vita,

275 1414 343 1471 sine
367 1419 469 1490 motu,
492 1415 558 1475 siue
578 1433 719 1492 veneno,
742 1415 808 1474 sine
832 1433 953 1492 morsu,
986 1414 1030 1474 ita
1051 1410 1124 1473 iusti
1145 1411 1202 1472 visi

275 1501 348 1555 sunt
369 1496 468 1557 oculis
508 1461 719 1577 insipientium
740 1498 832 1574 mori,
871 1496 916 1558 illi
945 1460 1049 1557 hutem
1079 1496 1178 1555 ιιιιιιΙ
1171 1505 1201 1554 ιιι

275 1598 364 1659 pace.
402 1578 521 1640 Similes
544 1600 647 1645 sumus
670 1580 879 1655 morientibus,
903 1598 961 1640 nec
983 1580 1044 1640 alia
1067 1583 1115 1639 est
1136 1596 1202 1657 spe-

277 1663 340 1722 cies
365 1669 491 1723 nostrae
521 1665 626 1724 mortis
649 1682 739 1743 quam
763 1661 910 1807 aliturum,
938 1682 986 1723 res
1018 1670 1118 1724 tamen
1142 1660 1203 1720 alid

276 1752 339 1822 est,
380 1744 469 1805 nobis
503 1748 583 1807 enim
613 1754 733 1807 mortua
762 1752 809 1807 est
836 1763 930 1806 mors.
970 1746 1019 1808 lta
1041 1749 1072 1804 et
1094 1761 1203 1803 omnes

277 1828 358 1889 aliae
356 1830 532 1923 passiones
547 1829 661 1889 similes
685 1837 754 1890 sunt
769 1828 970 1926 passionibus
985 1829 1124 1906 aliorum,
1149 1824 1204 1887 sed

277 1912 384 1991 speeie
414 1918 539 1975 tanum
583 1913 697 1975 Verum
731 1932 764 1973 re
792 1914 859 1993 ip'sa
887 1913 1049 1992 passiones
1078 1916 1203 1983 nostrae

276 2002 349 2055 sunt
371 1994 599 2097 impassibilitat
587 1996 625 2056 tis
646 1996 743 2073 initia,
766 1997 846 2056 sicut
869 2015 951 2056 mors
970 1996 1089 2056 initium
1112 1992 1203 2053 vitae.

235 2140 240 2149 ,
279 2080 382 2156 Atque
398 2074 478 2137 hoc
481 2086 536 2156 est,
559 2078 642 2158 quod
668 2079 812 2143 lohan8
835 2078 924 2139 dicit:
948 2078 1007 2175 Qui
1030 2094 1203 2137 sermonem

279 2181 381 2219 meum
415 2161 571 2237 servabit
598 2180 660 2223 non
690 2160 807 2258 ridebit
835 2162 995 2243 mortem'
987 2182 1017 2222 ιιι
1037 2167 1205 2221 aeteruum.

278 2242 445 2319 Quomodo
469 2262 530 2305 non
553 2244 689 2309 videbit?
720 2244 801 2324 quia'
815 2238 950 2305 moriens
974 2246 1065 2304 vitam
1089 2243 1205 2323 incipit.

276 2326 322 2387 lta
348 2346 431 2423 prae
445 2328 474 2385 vi
477 2336 523 2404 ta,
553 2346 643 2409 quam
668 2327 765 2408 videt,
787 2335 917 2388 mortem
940 2325 1046 2387 videre
1067 2344 1130 2385 non
1153 2344 1205 2406 po-

277 2414 347 2471 t.est
392 2410 449 2469 Hic
471 2410 551 2471 enim
574 2430 654 2486 nox,
693 2375 771 2471 sicui
799 2412 864 2473 dies
891 2410 1096 2487 illuminatur,
1133 2407 1203 2468 dum

280 2492 394 2553 clarior
417 2499 464 2552 est
485 2492 604 2554 luxt
561 2496 604 2554 vit
605 2514 641 2554 aa
664 2494 854 2591 incipient,
813 2496 839 2554 is
883 2513 974 2591 ιιιιιιιιι
998 2494 1105 2553 mortis
1127 2489 1204 2552 desi·

280 2576 391 2637 nentis.¹
425 2575 511 2636 Haec
526 2576 677 2657 omnibus,
700 2579 750 2657 qui
765 2577 914 2638 credunt
907 2598 937 2637 m
952 2576 1117 2656 Christum,
1138 2573 1206 2635 rata

280 2666 367 2739 sunt,
392 2676 481 2719 secus
502 2659 677 2721 incredulis.

363 2765 496 2827 Proinde
525 2767 550 2826 si
581 2766 713 2826 tunicam
738 2764 869 2847 (furiati,
903 2786 977 2846 vasa
998 2748 1138 2846 hydrias,
1175 2770 1207 2828 et
1232 2758 1235 2763 ’

282 2867 485 2929 quaecunque
508 2848 631 2917 tandem
655 2848 756 2913 Christ
744 2858 793 2911 tus
817 2858 860 2911 tet
859 2814 925 2930 igit,
948 2857 980 2912 et
1001 2846 1110 2930 quihus
1133 2867 1206 2909 usus

281 2943 350 3010 est,
374 2951 431 3011 pro
463 2931 645 2993 dulcissimis
680 2932 834 3011 reliquiis,
867 2939 1012 3010 tanquam
1035 2950 1091 2990 suo
1122 2936 1204 2991 tactu

281 3016 488 3092 consecratis,
518 3015 724 3110 exosculans,
751 3015 873 3095 diligis,
901 3014 1112 3109 amplecteris:
1152 3031 1206 3073 cur

281 3118 343 3159 non
366 3098 464 3158 multo
490 3098 586 3179 magis
610 3118 739 3177 poenas,
765 3100 847 3159 mala
868 3096 1013 3173 mundi,
1005 3094 1206 3175 ignominiam

282 3188 310 3241 et
333 3188 482 3261 mortem,
511 3200 573 3259 ιιοιι
596 3181 696 3246 solum
725 3182 790 3243 eius
814 3187 896 3243 tactu
919 3185 1115 3257 consecrata,
1150 3175 1204 3237 sed

281 3264 379 3328 etiam
397 3265 546 3344 sanguine
574 3266 638 3341 sius
661 3266 825 3345 purissimo
858 3262 953 3326 tincta
981 3270 1012 3323 et
1000 3260 1206 3338 tbeuedicta,

282 3346 393 3409 deinde
415 3347 555 3414 voluntat
543 3354 573 3409 te
587 3346 688 3411 cordis
710 3354 743 3409 et
764 3367 886 3423 summa
899 3354 1058 3411 coartante
1079 3308 1206 3408 canuto,

282 3430 475 3526 amplexata,
498 3430 618 3511 diligis,
642 3430 848 3511 amplecteris,
863 3423 1052 3500 oscularis?
1071 3448 1206 3511 praescr

283 3515 335 3576 tim
358 3533 426 3573 cum
448 3513 479 3574 in
501 3512 548 3575 his
571 3514 666 3595 multo
690 3516 751 3575 sint
739 3514 825 3577 tlibi
850 3514 967 3576 maiora
982 3513 1099 3588 merita,
1122 3529 1206 3591 prae·

284 3598 359 3692 mia,
393 3594 486 3676 bona,
509 3616 598 3675 quam
621 3598 651 3657 in
674 3596 733 3658 illis
760 3597 914 3675 reliquiis,
934 3594 1114 3675 siquidem
1106 3614 1137 3657 ιιι
1159 3592 1206 3654 his

285 3680 411 3742 victoria
434 3682 541 3740 mortis
570 3690 600 3740 et
622 3679 749 3758 inferni,
788 3688 819 3741 et
840 3680 975 3742 omnium
1009 3684 1206 3758 peecatorum

285 3762 335 3823 tihi
359 3769 448 3843 parat
449 3783 494 3841 ur,
516 3764 546 3822 iu
569 3763 630 3823 illis
652 3781 857 3842 nequaquam.

366 3866 394 3930 0
416 3869 442 3928 si
466 3887 521 3931 cor
542 3868 634 3930 liceat
649 3869 762 3933 Christi
776 3870 897 3950 intueri,
919 3866 1072 3949 quando
1064 3886 1095 3927 m
1105 3884 1208 3947 cruce

288 3950 425 4031 pendens
447 3950 615 4031 artabatur,
637 3957 671 4013 ut
693 3959 823 4014 mortem
847 3949 990 4013 redderet
1002 3956 1156 4016 mortuam
1178 3957 1210 4015 et
