3159 4792
551 509 778 558 conmeantes
797 490 930 557 tt'nntn.
1145 490 1209 559 297

323 689 431 751 medio
451 691 529 767 eius,
549 691 640 770 quasi
660 689 768 751 leones
782 694 947 769 rugientes.
981 684 1041 748 Ubi
1062 680 1209 745 mirificus

321 781 371 835 est
399 774 622 855 Hieronymus,
654 792 745 852 quem
774 772 826 832 hic
856 780 963 833 noster
989 770 1091 831 solum
1113 764 1209 830 colit?

319 858 358 933 b)
383 856 449 918 soti
470 874 586 918 sumus.
934 932 943 939 ἱ

320 946 358 1014 c)
383 940 486 1000 Etiam
508 940 659 1001 matulam
681 959 743 1001 non
767 941 935 1019 porrigent.

367 1057 415 1117 Ad
434 1058 581 1119 maiorem
595 1062 630 1135 a]
653 1064 814 1138 praeterea
840 1057 913 1119 dicti
933 1056 1055 1118 Martini
1071 1074 1209 1115 suornm·

283 1161 345 1220 que
369 1141 571 1221 complicum,
604 1142 758 1202 fautorum
780 1148 811 1201 et
832 1141 1077 1217 adhaerentium,
1105 1158 1142 1197 ac
1161 1156 1210 1197 re-

283 1232 477 1305 ceptatorum
501 1224 727 1304 praedictorum
766 1226 812 1285 sic
846 1232 918 1305 post
939 1226 1057 1305 lapsum
1087 1221 1208 1282 termini

281 1306 435 1387 praedicti
458 1306 683 1369 declaratorum
704 1307 946 1387 haereticorum,
968 1315 999 1369 et
1021 1305 1208 1367 condemns-

281 1400 383 1453 tornm
407 1391 688 1467 confusionemb),
722 1391 873 1451 universis
896 1400 926 1450 et
950 1390 1077 1471 singulis
1100 1389 1206 1447 utrius·

279 1494 340 1553 que
353 1493 447 1534 sexus
457 1470 722 1550 christifidelibus,
737 1474 931 1550 Patriarcbis,
945 1472 1205 1552 archiepiscopis,

278 1557 469 1636 Episcopis,
510 1556 774 1636 patriarchalium,
827 1558 1134 1637 metropolitanarum
1176 1559 1208 1613 et

278 1640 409 1699 aliarum
432 1638 670 1718 cathedralium,
693 1640 942 1721 collegiatarum,
971 1658 1008 1699 ac
1029 1638 1206 1698 inferiorum

280 1723 480 1783 ecclesiarum
512 1722 680 1799 Praelatis,
713 1723 881 1803 Capitulis„
915 1723 1044 1801 aliisque
1066 1720 1208 1802 personis

279 1805 518 1883 ecclesiasticis,
550 1805 756 1884 secularibus,
796 1814 828 1866 et
857 1808 1034 1886 quorumvis
1057 1803 1208 1880 ordinum,

279 1890 374 1949 etiam
391 1887 631 1950 Mendiceutium
648 1886 846 1971 (praesertim
870 1892 933 1950 eius
948 1887 1207 1969 congregationis,
1303 1915 1308 1922 ·

280 1973 367 2031 cuiue
391 1970 491 2033 dictus
514 1973 663 2033 Martinus
685 1979 734 2033 est
749 1973 921 2052 professae,
957 1979 988 2032 et
1018 1973 1049 2031 iu
1073 1989 1133 2049 qua
1155 1968 1207 2029 de-

279 2075 369 2136 gere,
402 2055 454 2114 vel
475 2057 587 2117 morari
610 2054 733 2135 dicitur)
755 2055 964 2136 regularibus,
994 2054 1145 2133 exemptis
1174 2058 1208 2113 et

280 2157 344 2198 non
369 2139 540 2219 exemptis,
575 2158 717 2200 necnon
740 2140 891 2199 universis
920 2147 950 2198 et
972 2136 1099 2217 singulis
1122 2136 1206 2195 Prin·

280 2220 416 2299 cipibus,
456 2241 639 2301 quacuuque
661 2222 874 2295 ecclesiastica
901 2221 951 2281 vel
974 2219 1129 2281 mundano
1150 2218 1204 2277 ful-

278 2304 423 2384 gentibus
444 2304 603 2385 dignitate,
624 2304 771 2386 Regibus,
793 2304 1040 2383 imperatoribus,
1057 2302 1206 2361 Electori-

278 2386 350 2461 bus,
370 2387 523 2464 Ducibus,
545 2387 794 2456 hlarchiouibus,
816 2387 1000 2464 Comitibus,
1023 2383 1204 2461 Beronibus,
1280 2417 1287 2421 -

279 2469 475 2549 (lapitensis,
497 2470 746 2551 conductoribus,
769 2470 958 2545 domicellis,
981 2468 1204 2529 communitati-

278 2552 344 2627 bus,
367 2552 634 2627 Universitatibus,
657 2554 878 2634 potentatibus,
902 2552 1085 2628 civitatibus,
1107 2550 1205 2626 terris,

279 2636 388 2695 castris
412 2643 443 2697 et
465 2637 554 2715 locis,
577 2655 756 2697 aeneorum
779 2636 1012 2711 habitatoribus,
1035 2634 1151 2694 civibus
1176 2640 1207 2693 et

278 2718 401 2793 incolis,
425 2720 628 2799 omnibusque
650 2720 718 2779 aliis
742 2726 773 2779 et
795 2720 922 2801 singulis
945 2718 1127 2798 supradictis
1151 2736 1206 2795 per

278 2802 453 2861 universum
477 2802 600 2880 orbem,
629 2803 808 2881 praesertim
831 2806 862 2861 in
886 2803 994 2863 eadem
1019 2801 1206 2861 Alemannis

278 2885 454 2945 constitutis
485 2886 682 2963 mandamus,
716 2890 866 2964 quatenus
886 2882 918 2967 c)
950 2883 1005 2943 sub
1038 2881 1203 2961 praedictis

278 2966 420 3028 omnibus
444 2975 475 3027 et
496 2968 623 3049 siugulis
645 2970 755 3049 poenis
783 2970 842 3050 ipsi
877 2967 925 3027 vel
948 2984 1053 3026 eorum
1077 2963 1205 3043 quilibet

276 3050 448 3129 praefatum
464 3052 638 3127 Martinum,
660 3051 840 3132 complices,
863 3050 1076 3125 adhaerentes,
1100 3065 1204 3124 recep·

276 3138 394 3193 tatores
417 3140 448 3193 et
469 3134 604 3195 fautores
617 3133 821 3213 personaliter
842 3130 1019 3213 capiantd),
1043 3139 1073 3189 et
1095 3136 1203 3209 captos

277 3215 314 3274 ad
337 3223 476 3276 nostram
493 3218 671 3278 instantiam
687 3218 849 3287 retineant,
872 3215 962 3275 etad
986 3232 1042 3275 nos
1067 3215 1202 3272 mittant:

276 3302 460 3378 reportaturi
476 3305 508 3371 e)
532 3320 588 3380 pro
612 3307 674 3360 tam
696 3300 780 3361 bono
799 3319 894 3380 opere
916 3319 934 3358 a
957 3298 1045 3358 nobis
1069 3304 1100 3356 et
1122 3294 1204 3355 Sede

277 3382 451 3459 apostolica
481 3384 779 3457 remunerationem,
815 3382 1045 3461 praemiumque
1079 3378 1202 3457 condig-

277 3483 365 3542 num,
395 3465 445 3524 vel
468 3463 577 3525 saltem
602 3486 674 3541 eos,
708 3474 866 3525 eteorum
890 3463 1059 3543 quemlibet
1080 3461 1119 3521 de
1141 3478 1202 3519 me·

277 3546 483 3627 tropolitsuis,
496 3547 733 3625 cathedralibus,
750 3548 922 3627 collegiatis
934 3547 962 3626 ¹)
981 3554 1009 3605 et
1026 3546 1092 3604 aliis
1106 3543 1202 3602 eccle·

277 3630 345 3705 siis,
369 3629 529 3708 domibus,
552 3633 756 3707 monasteriis,
779 3629 993 3706 conventibus,
1018 3626 1202 3703 civitatibus,

278 3711 440 3787 dominiis,
463 3712 738 3791 Universitatibns,
762 3711 1050 3788 communitatibus,
1084 3708 1202 3783 castris,

277 3815 314 3856 ac
335 3796 414 3857 locis
436 3798 629 3876 respective,
651 3804 712 3857 tam
737 3796 840 3856 clerici
863 3802 895 3856 et
914 3794 1087 3875 regulares,
1111 3810 1201 3871 quam

348 4018 385 4089 1)
405 4020 438 4072 In
455 4020 520 4075 edit
540 4020 648 4073 llr'incln
668 4018 759 4075 deest:
780 4018 946 4090 collegiatis.
