3159 4792
634 556 665 613 D.
684 552 717 610 nl.
737 558 856 612 Lutberi.
1148 553 1210 620 159

286 744 501 805 Libentissime
524 764 678 826 negarem.
723 746 788 806 Nec
809 747 891 805 enim
924 745 987 806 ulla
1014 746 1064 805 via
1085 754 1138 806 aut
1160 762 1210 807 ra·

286 829 371 888 tione
402 837 455 887 aut
474 830 594 909 scriptis
627 828 750 909 probari
772 836 892 909 potest,
926 829 1110 908 saepiusque
1137 829 1210 888 mihi

285 912 422 991 suspicio
445 912 511 991 fuit,
534 930 604 972 esse
624 913 655 971 id
679 919 776 971 totum
797 914 956 973 inventum
978 912 1026 972 vel
1049 930 1210 972 avarorum

285 994 333 1053 vel
358 995 565 1074 curiosorum,
588 1002 641 1055 aut
667 1002 750 1055 certe
772 1003 971 1075 tyrannorum
993 997 1210 1075 praelatorum,

285 1078 337 1157 qui
360 1077 419 1137 bac
441 1079 490 1137 via
513 1078 659 1158 populum
683 1078 796 1139 Christi
823 1080 855 1138 iu
878 1087 1024 1139 terrorem
1047 1080 1093 1139 eui
1115 1076 1208 1138 addu-

284 1161 398 1223 xerint.
442 1161 572 1221 Namid
595 1168 643 1221 est
666 1161 905 1239 (meoiudicio)
930 1162 1051 1241 penitus
1080 1163 1111 1221 iu
1135 1152 1210 1221 iudi·

285 1243 370 1303 dium
393 1244 451 1303 Dei
481 1262 604 1304 manum
638 1246 773 1323 mittere,
806 1252 838 1305 et
869 1246 968 1305 forum
990 1244 1047 1304 Dei
1084 1245 1210 1323 violare,

284 1328 467 1407 praesertim
516 1328 542 1386 si
588 1336 738 1407 cogantur
781 1328 821 1388 ad
864 1328 896 1388 id
940 1328 1091 1390 homiues.
1153 1328 1212 1387 Hic

285 1413 372 1471 venit
392 1409 468 1469 illud
492 1428 574 1470 mare
601 1412 711 1471 iurium
740 1418 770 1471 et
797 1412 1010 1491 quaestionum
1038 1410 1211 1489 impossibi-

285 1493 358 1552 lium
382 1492 422 1553 de
444 1494 564 1555 casibus
587 1501 783 1573 peccatorum
806 1502 883 1576 etc,
921 1514 989 1553 cum
1010 1495 1050 1552 sit
1070 1496 1211 1573 impossi-

287 1576 350 1637 bile
374 1578 433 1655 ipsi
455 1576 572 1636 bomini
587 1578 677 1655 scire,
700 1577 823 1657 quaudo
839 1578 1009 1637 mortaliter
1020 1578 1211 1655 superbierit,

286 1660 335 1719 vel
350 1661 550 1739 concupierit,
575 1660 622 1720 vel
636 1660 780 1720 inviderit
801 1663 832 1719 in
855 1659 958 1719 corde.
1000 1660 1040 1718 Et
1054 1659 1210 1737 quomodo

284 1742 346 1803 huo
371 1742 517 1803 sacerdos
540 1743 630 1822 sciet,
653 1744 705 1822 qui
727 1742 767 1802 ad
789 1743 931 1804 mortalia
952 1748 1069 1802 tantum
1092 1744 1211 1821 positus

286 1832 333 1885 est
355 1824 540 1885 iudicanda?
573 1826 715 1887 Alienum
746 1844 801 1887 cor
822 1833 1006 1907 cognoscet,
1040 1827 1091 1905 qui
1123 1844 1210 1885 suum

286 1928 350 1969 nou
375 1910 449 1969 satis
471 1910 579 1969 novit?

369 1991 446 2052 lnde
467 1990 510 2070 tit,
532 2002 565 2052 ut
581 1993 666 2053 multi
681 1992 777 2053 multa
790 1988 1005 2071 confiteantur,
1027 1992 1212 2063 nescientes,

287 2094 324 2135 an
350 2077 413 2135 sint
434 2082 578 2155 peccatu,
612 2094 720 2136 necue.
764 2076 805 2135 Et
825 2074 865 2133 ad
885 2074 917 2133 id
939 2076 1137 2155 impelluntur
1157 2093 1213 2154 per

285 2158 361 2219 illud
382 2158 543 2239 Gregorii:
576 2159 731 2219 Bonarum
766 2158 914 2218 mentium
952 2166 1013 2233 est,
1048 2158 1098 2217 ubi
1121 2159 1213 2237 culpa

285 2261 349 2302 non
373 2250 436 2319 est,
459 2244 581 2321 culpam
603 2260 783 2322 agnoscere.
825 2239 895 2299 Huc
916 2241 996 2300 euim
1020 2258 1122 2301 coram
1145 2241 1211 2300 Deo

285 2325 504 2405 praestandum
529 2327 620 2385 etiam
644 2326 701 2385 sibi
724 2324 873 2405 praestari
899 2330 978 2399 (tam
1001 2325 1142 2383 immanis
1166 2331 1213 2382 est

286 2406 468 2488 pontificum
502 2417 533 2468 et
556 2408 750 2469 sacerdotum
774 2407 966 2487 arrogantia,
997 2414 1027 2466 et
1048 2408 1212 2466 fastuosis-

286 2494 397 2552 simum
422 2492 655 2553 Pharisaeorum
686 2488 901 2572 supercilium)
921 2490 1048 2550 volunt:
1080 2508 1140 2549 uec
1167 2491 1210 2549 iu-

286 2577 374 2636 terim
398 2575 570 2653 videut,-si
590 2574 621 2634 id
643 2575 761 2635 homini
783 2582 866 2635 esset
888 2571 1122 2653 praestandum,
1146 2581 1212 2633 tota

286 2661 348 2718 vita
371 2658 446 2717 uihil
469 2658 551 2717 aliud
574 2664 730 2738 oporteret
752 2656 835 2738 fieri,
865 2675 956 2736 quam
979 2656 1132 2718 confiteri:
1166 2666 1211 2716 at-

286 2761 345 2821 que
368 2742 461 2801 etiam
483 2742 584 2820 ipsam
607 2741 835 2802 confessionem
858 2740 919 2800 alia
930 2742 1125 2801 confessione
1140 2759 1211 2801 con·

287 2826 383 2905 litari,
407 2823 543 2884 timendo
568 2824 704 2905 culpam,
729 2823 779 2885 ubi
803 2824 894 2904 culpa
916 2843 978 2883 nou
1003 2831 1066 2901 est,
1090 2843 1158 2882 cum
1182 2831 1213 2883 et

288 2910 371 2970 bona
404 2926 500 2988 opera
531 2926 592 2967 nou
628 2914 739 2968 vacent
771 2908 878 2987 culpa,
912 2914 944 2966 et
964 2904 1065 2981 lub*l
1091 2915 1213 2965 veretur

289 2992 394 3051 omnia
418 3008 513 3071 opera
535 3008 599 3052 sua.

656 3156 837 3239 Septimum.

371 3309 467 3389 lgitur
495 3308 571 3368 alius
601 3308 631 3367 id
668 3310 820 3389 explicet,
860 3308 920 3367 boc
952 3324 1012 3387 ego
1050 3312 1213 3367 contentus

291 3412 373 3471 eum,
407 3392 488 3471 quod
521 3410 582 3452 uon
613 3395 716 3453 omnia
745 3398 875 3473 peccata
896 3388 996 3450 cordis
1030 3398 1099 3450 suut
1120 3386 1213 3450 conli-

291 3476 393 3537 teuda.
437 3474 469 3535 Si
490 3481 593 3534 autem
615 3476 718 3555 aliqua
735 3482 807 3536 suut
828 3473 1014 3551 confitenda,
1036 3492 1074 3533 ea
1095 3478 1213 3533 tantum

290 3578 411 3637 assero,
439 3576 518 3638 quae
539 3559 606 3637 ipse
629 3560 789 3620 manifeste
812 3560 870 3618 scit
891 3576 960 3617 sese
982 3563 1090 3617 contre
1110 3556 1214 3614 diviua

293 3642 437 3702 mandata
458 3643 487 3701 iu
511 3640 604 3702 corde
627 3644 785 3719 statuisse,
808 3641 869 3700 hoc
890 3648 952 3718 est,
974 3659 1036 3700 nou
1059 3638 1213 3718 simplices

293 3728 496 3806 cogitationes
518 3724 557 3784 de
579 3726 696 3805 virgine
720 3733 772 3785 aut
801 3724 942 3801 muliere,
976 3730 1029 3782 aut
1058 3741 1076 3782 e
1106 3728 1214 3781 contra

294 3810 426 3869 mulieris
449 3807 487 3868 de
509 3807 724 3869 adolescente}
751 3826 809 3869 nec
831 3809 914 3887 ipsas
937 3804 1132 3885 affectiones,
1155 3822 1214 3865 uec

319 3981 739 3991 --·————--·-——-—--——

366 4069 396 4139 ·)
416 4069 475 4125 lob.
494 4070 519 4126 9.
