3159 4792
536 535 551 554 ⁸
568 527 602 581 ds
618 527 745 583 ubertate
763 526 928 583 Chrisiisus.
1139 525 1202 592 255

279 714 349 792 quis
376 733 435 773 usu
458 713 594 774 omnium
626 713 835 794 legislatorum
859 720 1048 776 terrenorum
1075 715 1106 774 in
1130 734 1201 774 euu-

278 796 348 857 dem
371 815 496 857 sensum
519 803 567 857 est
588 799 723 856 exercitu
738 795 910 876 etfirmsts,
931 797 1123 878 impossibile
1144 803 1201 876 est,

278 887 312 940 ut
347 898 459 958 perse
482 880 580 960 ipsam
602 900 638 940 se
660 885 754 940 exuat
776 899 794 939 a
816 883 963 941 servitute
985 880 1038 941 illa
1061 881 1201 960 operaris

277 965 308 1022 iu
331 961 503 1023 libertatem
514 963 597 1022 iidei
619 963 880 1043 cognoscendam.

364 1045 439 1107 ideo
462 1047 603 1106 oratioue
625 1066 702 1126 opus
724 1053 781 1124 est,
804 1054 837 1107 ut
850 1047 1001 1112 Dominus
1023 1047 1202 1125 nostrshst,

280 1133 320 1190 et‘
335 1128 567 1207 meodidactos,
588 1129 619 1188 id
642 1138 698 1206 est,
721 1129 839 1190 dooiles
861 1131 928 1190 Deo
950 1129 1059 1208 fsoist,
1083 1131 1201 1212 etipse

277 1214 307 1272 iu
334 1209 479 1272 cordibus
500 1212 613 1272 nostris
646 1215 743 1285 (siout
762 1214 920 1292 promisit)
946 1213 1044 1292 legem
1079 1214 1201 1293 scribut,

277 1295 415 1374 alioquin
448 1303 550 1356 sotum
584 1302 632 1356 est
662 1295 701 1356 de
723 1296 823 1358 uobis.
865 1295 934 1358 Nisi
956 1297 1036 1356 enim
1059 1298 1126 1376 ipss
1148 1297 1200 1358 do-

277 1386 348 1440 uest
368 1380 448 1438 intus
462 1378 544 1438 hono
553 1379 734 1458 sapientiam
752 1381 785 1438 iu
809 1380 955 1460 mysterio
978 1376 1200 1456 absconditam,

277 1468 388 1522 natura
410 1480 474 1521 nou
496 1468 600 1540 potest
621 1461 678 1522 uisi
701 1461 848 1522 damnare
871 1481 937 1522 sam
961 1469 992 1521 st
1014 1460 1199 1523 hoereticum

278 1545 431 1621 iudicare,
458 1546 529 1622 quis
550 1545 774 1605 scandalisstur
794 1547 823 1604 iu
848 1566 901 1622 su,
931 1554 969 1608 el.
982 1545 1075 1610 stulta
1097 1548 1125 1605 ei
1147 1565 1200 1626 sp-

276 1634 380 1708 pmot,
416 1628 495 1688 siout
517 1627 589 1688 olim
610 1629 642 1688 iu
666 1629 823 1708 prophetis
845 1635 877 1688 st
897 1627 1048 1706 apostolis
1071 1628 1201 1690 vidimus

276 1709 445 1787 sooidisse,
476 1711 555 1770 siout
576 1718 607 1771 et
627 1730 709 1777 nuno
729 1711 803 1772 mihi
826 1718 857 1772 et
876 1711 935 1772 mei
958 1711 1107 1772 similibus
1128 1712 1200 1773 isoi-

276 1801 332 1854 unt
352 1795 439 1872 impii
463 1801 494 1854 st
516 1795 600 1854 ouooi
622 1793 786 1874 pontifices
808 1813 876 1854 oum
895 1796 957 1855 suis
980 1793 1199 1872 adulatoribus,

277 1896 408 1956 quorum
432 1877 598 1955 aliquando
619 1877 780 1943 nobiseum
797 1877 827 1956 ¹)
852 1879 1032 1938 misereatur
1053 1878 1147 1956 Deus,
1169 1887 1201 1941 oi

276 1980 369 2041 super
391 1978 446 2021 eos
462 1959 613 2022 illuminet
625 1961 739 2021 vultum
757 1982 855 2042 suum,
877 1969 910 2022 ut
922 1981 1147 2044 cognoscamus
1168 1968 1199 2026 in

278 2052 359 2104 terra
381 2045 463 2102 vium
486 2045 567 2121 eius,
589 2046 620 2104 iu
641 2045 782 2105 omuibus
804 2046 946 2126 gentibus
969 2046 1101 2107 solutore
1125 2051 1200 2128 sius,

277 2129 327 2206 qui
350 2125 601 2188 estbenedictus
624 2130 653 2186 in
678 2129 791 2207 seculo,
815 2130 925 2190 Amen.
968 2131 1059 2190 Auno
1083 2131 1198 2192 domiui

183 2274 184 2277 γ
273 2211 311 2271 u.
333 2208 519 2296 oxus).

629 2437 837 2451 ffl—
902 2445 904 2450 .

434 2781 679 2790 -.,..-.-.--—-—--
689 2784 693 2787 .

311 2834 340 2893 1)
360 2816 391 2884 in
404 2831 468 2884 edio
490 2830 552 2885 1521
567 2830 656 2883 duest:
675 2831 830 2884 uobiscum.
849 2830 881 2897 2)
904 2829 1022 2884 Ibidem:
1045 2829 1196 2883 muxxl.
