3159 4792
559 494 656 554 contra
674 514 782 551 errores
800 498 835 553 Μ.
855 500 931 553 Luth.
1149 498 1210 565 291

287 684 373 746 omni
403 679 508 761 quat)
531 700 696 761 possumus
717 685 832 763 pietate
860 687 904 746 uti
931 685 1139 764 decrevimus,
1171 692 1211 765 et,

288 764 474 847 quantumi)
498 767 529 826 in
553 765 642 827 nobie
665 774 725 846 est,
747 788 858 848 agero,
892 776 926 829 ut
947 771 1107 850 proposita
1129 788 1208 829 man·

286 848 459 911 suetudinis
481 851 533 909 via
554 847 593 908 ad
614 867 668 911 cor
687 858 878 929 revertatur,
898 859 929 912 et
949 872 968 913 a
989 852 1153 932 praedictis
1167 872 1211 913 re-

286 932 380 995 cedat
400 932 562 1010 erroribus,
585 939 619 992 ut
639 933 740 1013 ipsum
762 940 906 1013 tanquam
922 934 1016 995 filium
1035 936 1119 994 illurn
1142 954 1212 1017 pro·
1265 966 1266 978 r

286 1017 392 1099 dignm
406 1021 451 1092 11¹)
475 1014 514 1075 ad
537 1017 686 1094 gremium
707 1017 860 1079 aeclesiae
870 1015 905 1101 ¹1)
930 1025 1136 1079 revertentem
1160 1017 1212 1079 be-

286 1102 382 1181 nigne
404 1100 600 1177 recipiamus.
949 1126 953 1132 <

327 1185 366 1258 a)
391 1180 466 1256 Quis
496 1182 639 1261 ignorat,
675 1200 728 1243 cur
758 1186 922 1262 tantopere
957 1184 1062 1263 cupias
1091 1184 1211 1245 Romae

328 1264 438 1325 videre
458 1263 642 1325 Lutherum?

240 1374 246 1379 ·
329 1348 367 1425 b)
391 1348 461 1409 Hoc
481 1346 557 1409 illud
579 1347 702 1409 tandem
724 1348 881 1425 actuosus,
905 1349 988 1408 omni
1012 1350 1129 1409 scelere
1147 1368 1210 1410 sce-

329 1431 466 1509 leratius,
489 1430 645 1510 appellere
666 1431 705 1491 ed
729 1432 859 1492 futurum
885 1431 1066 1491 Concilium.

328 1513 360 1595 c)
384 1515 509 1593 Impiam
532 1506 860 1593 scelestiimposto'ris
884 1514 1135 1575 constitutionem
1158 1533 1212 1574 no·
1254 1506 1259 1519 ’

329 1598 378 1658 bis
400 1594 517 1657 obticis.
540 1596 615 1669 Quis
638 1597 787 1677 accipiet,
810 1614 916 1659 eorum
940 1599 1136 1677 praesertim,
1160 1598 1211 1675 qui
1315 1603 1318 1608 ’

327 1682 390 1740 iam
422 1678 530 1741 oeulos
562 1680 765 1761 receperunt?
803 1680 830 1739 Ο
867 1679 1004 1740 fraudem
1034 1687 1126 1758 atqua
1148 1681 1211 1740 vio

328 1762 465 1823 lentiam.

329 1843 367 1927 d)
392 1844 539 1907 Sanctum
562 1844 717 1905 bominem
738 1863 973 1907 commemorns.

329 1936 365 2003 e)
390 1927 460 1987 Hoc
480 1925 603 1987 tandem
627 1933 675 1988 est
703 1929 751 1988 ius
773 1936 806 1989 et
832 1928 878 1989 fas
902 1946 994 1989 omne
1015 1928 1149 2004 auterre,
1181 1934 1212 1987 et

329 2012 458 2091 implero
493 2010 617 2071 domum
641 2011 764 2071 Domini
780 2012 842 2071 Dei
880 2012 1040 2089 iniquitate
1073 2019 1103 2070 et
1126 2009 1211 2071 dolo.

327 2092 420 2169 Quod
442 2092 550 2154 abste
567 2112 698 2172 quaero:
733 2093 906 2155 Creditisne
929 2112 1013 2172 esse,
1036 2093 1211 2172 Pontifices,

329 2178 415 2237 illum
450 2195 582 2257 superne
615 2175 764 2253 iudicem,
801 2177 851 2255 qui
884 2176 1050 2255 aliquando
1081 2177 1161 2235 hanc
1193 2195 1212 2236 a

328 2260 417 2320 vobis
440 2263 588 2320 rationem
621 2266 784 2321 exacturus
807 2258 864 2318 sit?
896 2252 1039 2322 Profecto
1063 2278 1125 2318 non
1148 2278 1209 2318 cre-

327 2342 408 2404 ditis.
453 2342 561 2422 Neque
590 2344 671 2403 enim
693 2344 719 2401 si
741 2343 840 2405 Deum
872 2360 942 2402 esse
964 2340 1129 2420 putaretis,
1166 2342 1211 2401 sic

328 2423 520 2487 confidenter
540 2428 644 2487 omnia
665 2426 889 2505 perverteretis.
932 2426 996 2485 ianr
1019 2425 1110 2504 igitur
1133 2426 1209 2505 opti-

327 2528 378 2569 ma
400 2509 592 2569 conscientia
601 2509 773 2569 recedimus
795 2528 814 2571 a
835 2508 934 2569 vobis.
978 2506 1128 2569 Seducitis
1153 2527 1210 2568 nos

326 2594 418 2669 anim,
442 2598 481 2669 et,
505 2600 649 2670 quantum
672 2594 703 2652 in
720 2592 809 2652 vebia
827 2598 883 2668 est,
906 2590 1042 2671 perditis,

316 2675 343 2747 f)
370 2673 451 2748 Quid
473 2676 532 2748 ais,
560 2676 739 2736 interfector
760 2674 989 2735 Conciliorum?
1029 2674 1137 2736 Hoone
1153 2672 1207 2733 Lu-

327 2758 432 2818 therus
454 2757 548 2817 facit?
968 2790 970 2797 ,

325 2839 365 2923 g)
389 2839 480 2915 Quod
503 2840 621 2919 potuit,
661 2857 723 2899 non
745 2839 852 2900 voluit.
897 2838 973 2911 Quis
1010 2836 1210 2899 aoeusotLe-

325 2922 439 2986 onem?

326 3006 366 3082 h)
391 3005 471 3067 Vide
493 3004 675 3065 modestiam
697 3004 1047 3065 Reverendissimorum.

325 3090 335 3149 i
343 3106 350 3157 r
379 3088 621 3150 Ociementiam
635 3087 861 3164 incredibilem,
885 3081 1061 3145 etLeonem
1085 3083 1206 3163 quidem

325 3190 419 3232 nemo
442 3172 560 3251 putavit
581 3189 675 3249 possa
705 3177 767 3231 tom
799 3171 981 3229 clementem
1006 3186 1091 3244 asso,
1126 3186 1210 3247 prae·

334 3255 441 3315 sertim
464 3252 588 3333 quando
612 3252 754 3313 occidere
776 3260 893 3333 posset.

325 3337 366 3414 k)
390 3336 491 3396 Etiam
514 3336 582 3414 pius
604 3354 673 3395 esse
694 3337 757 3396 Leo
781 3341 897 3415 posset,
922 3333 1014 3395 modo
1039 3334 1207 3413 rapientem

325 3439 395 3481 eum
420 3426 451 3479 et
471 3426 664 3500 grassantem
684 3420 798 3498 iugiter
815 3420 973 3479 ferremus.

324 3501 353 3585 1)
379 3502 460 3577 Quid
482 3503 587 3562 niteris
609 3500 722 3562 bonam
746 3500 911 3564 ostendere
935 3501 1015 3560 viam
1038 3506 1139 3574 tuem,
1169 3497 1208 3556 ad

327 3584 537 3663 quaerendam
560 3584 768 3660 dilectionem,
790 3586 843 3663 qui
862 3586 892 3642 iri
912 3583 1056 3663 superbie
1073 3588 1104 3641 et
1126 3580 1209 3639 maii-

327 3670 372 3729 tia
393 3676 447 3727 tua
465 3666 597 3733 docuisti
619 3669 684 3727 vias
707 3676 791 3743 tuas,
827 3673 859 3727 et
892 3668 922 3727 in
943 3666 1002 3725 elis
1025 3666 1084 3725 tuis
1105 3664 1210 3723 inven-

325 3758 377 3811 tus
399 3758 447 3810 est
468 3751 593 3831 sanguis
621 3752 790 3810 animarum
814 3752 982 3829 pauperum
1013 3754 1044 3808 et
1065 3748 1211 3809 innoeen-

326 3833 414 3895 tum?
635 3853 638 3860 ’

324 3918 375 3993 ιιι)
396 3915 467 3978 Heu
487 3875 649 3997 prodigum
663 3914 840 3992 lutherum,
865 3914 975 3993 quista
998 3913 1122 3994 largiter
1142 3930 1212 3993 pro·

319 3998 408 4061 fudit
430 3998 652 4079 Evangelicern
676 3997 858 4077 doctrinam.
936 4078 1001 4141 19·
