3159 4792
373 548 436 614 214
637 549 764 620 Epistola
800 549 833 603 b.
853 549 932 603 llarl.
952 549 1030 602 Luth.

375 742 411 800 ul
428 751 546 812 revera,
569 754 650 817 quae
670 737 744 798 olim
766 737 945 798 cratianus
968 737 1057 813 coeli,
1082 750 1164 796 nunc
1185 737 1226 797 sit
1247 754 1298 817 pa-

372 828 442 884 tens
465 820 618 902 quoddam
642 839 677 880 os
699 821 826 898 inferni,
855 827 885 881 et
907 820 969 880 tale
991 839 1042 898 os,
1065 819 1148 900 quod
1170 825 1301 901 urgente

373 908 419 967 ira
440 905 497 966 Dei
519 904 636 966 obstrui
658 923 721 964 non
743 910 862 983 potest,
891 921 952 964 uno
974 910 1092 964 tontum
1115 904 1223 964 relicto
1247 905 1299 964 mi-

375 991 451 1049 seris
487 987 635 1065 consilio,
669 988 693 1047 si
724 1004 872 1066 queamus
901 987 1020 1066 aliquot
1041 1007 1060 1047 a
1080 987 1224 1048 Romano
1251 993 1302 1058 (ιιι

374 1071 455 1143 dixi)
480 1072 540 1130 isto
563 1071 648 1130 hiatu
669 1086 817 1130 revocare
839 1075 870 1131 et
891 1089 1022 1134 servare.

457 1151 549 1234 Ecce,
573 1154 614 1212 mi
636 1153 698 1214 heo
720 1153 821 1229 Pater,
846 1171 907 1232 qno
929 1150 1085 1230 consilio,'
1099 1171 1159 1233 que
1180 1154 1302 1213 ratione

373 1239 404 1299 in
426 1236 532 1297 sedem
554 1238 644 1296 istam
660 1236 854 1316 pestilentiae
868 1234 1075 1298 debacchatus
1091 1238 1158 1313 sim,
1182 1242 1301 1296 tantum
1406 1299 1408 1304 ,

375 1319 457 1382 enim
480 1319 577 1398 abest,
601 1321 686 1380 utin
709 1326 790 1379 tuom
814 1337 979 1398 personam
997 1319 1156 1396 saevirem,
1179 1327 1212 1378 ut
1234 1338 1302 1399 spe-

378 1421 477 1464 rarem
501 1404 593 1463 etiam
631 1403 759 1483 gratiam
782 1403 925 1462 initurum
948 1419 1015 1481 me,
1051 1409 1081 1463 et
1101 1421 1157 1482 pro
1181 1407 1235 1462 tue
1256 1421 1303 1462 sa-

376 1487 440 1546 lute
461 1492 627 1563 staturum,
650 1486 674 1544 si
698 1503 851 1546 carcerem
874 1487 965 1545 istum
998 1494 1098 1564 tuum,
1127 1487 1191 1545 imo
1213 1486 1303 1545 infer·

377 1587 449 1629 num
472 1576 567 1647 tuum,
589 1575 712 1628 strenue
735 1574 768 1628 et
789 1568 900 1629 acriter
920 1569 1084 1648 pulsarem.
1127 1565 1196 1629 Tibi
1220 1570 1303 1628 enirn

375 1658 510 1731 tuaeque
530 1652 621 1713 saluti
637 1651 800 1731 profuerit,
824 1658 855 1712 et
873 1658 974 1712 tecum
992 1652 1094 1712 multis
1118 1651 1195 1727 aliis,
1217 1651 1304 1730 quid-

375 1733 448 1815 quid
469 1736 500 1794 iu
523 1736 637 1814 impiae
657 1735 745 1795 huius
769 1735 873 1796 curiae
889 1735 1102 1796 confusionem
1126 1734 1225 1795 moliri
1249 1753 1304 1813 po-

376 1823 437 1878 lest
458 1819 595 1878 omnium
620 1819 815 1898 ingeniorum
848 1820 991 1899 impetus.
1033 1817 1131 1879 Tuum
1166 1816 1304 1878 cilicium

377 1901 503 1979 fuciunt,
526 1901 577 1979 qui
598 1900 670 1960 huic
691 1900 772 1960 mele
793 1901 918 1977 faciunt,
942 1901 1093 1962 Christum
1118 1897 1304 1981 glorificent„

380 1984 432 2063 qui
454 2001 522 2043 eam
546 1983 688 2044 omnibus
710 1983 809 2044 modis
825 1992 1033 2063 exsecrantur,
1054 1983 1196 2062 breviter,
1220 1981 1304 2044 Chri·

378 2067 470 2126 stiani
491 2072 572 2142 suut
594 2067 645 2146 qui
667 2066 799 2127 Romani
822 2086 883 2127 non
908 2075 988 2128 sunt.

438 2147 509 2226 Sed,
523 2156 560 2210 ut
573 2146 704 2230 amplius
719 2148 837 2228 loquer,
861 2150 957 2224 noel)
974 2149 1146 2230 hocipsum
1168 2166 1305 2228 unquam

377 2250 470 2311 super
492 2251 668 2292 cormeum
690 2232 848 2310 ascendit,
883 2235 968 2292 utin
990 2234 1163 2294 Romanum
1189 2235 1305 2293 curiam

376 2314 546 2394 inveherer,
569 2323 622 2376 aut
642 2315 808 2395 quidquam
828 2315 867 2376 de
889 2333 926 2376 ea
945 2316 1143 2396 disputarem.
1186 2315 1305 2376 Videne

378 2399 459 2458 enim
482 2398 645 2478 desperata
668 2401 772 2459 omnis
804 2399 911 2459 salutis
946 2400 1097 2477 remedie,
1131 2401 1306 2480 contempsi

376 2488 408 2542 et
430 2479 502 2541 dato
524 2480 644 2560 repudii
664 2481 771 2543 libello
784 2481 847 2541 dixi
862 2481 901 2542 sd
923 2501 1003 2543 eam:
1028 2482 1085 2560 Qui
1102 2481 1217 2556 sordet,
1241 2501 1306 2544 sor-

376 2563 487 2624 descat
508 2563 624 2640 adhuc,
647 2566 750 2644 etqui
772 2563 946 2626 immundus
968 2572 1029 2642 est,
1068 2564 1244 2625 immundus
1268 2568 1308 2626 sit

376 2644 492 2722 adhuc,
524 2645 649 2708 tradens
671 2666 721 2708 me
742 2647 873 2727 placidis
906 2655 937 2708 et
958 2649 1069 2727 qnietis
1092 2665 1249 2709 sacrarum
1273 2649 1305 2709 li-

377 2735 511 2788 terarum
534 2728 657 2804 studiis,
688 2731 797 2810 quibus
820 2730 1001 2810 prodessem
1022 2731 1165 2792 fratribus
1190 2733 1305 2792 circum

377 2828 428 2872 ms
448 2811 619 2892 egentibus.

460 2894 519 2956 Hic
551 2914 621 2956 cum
655 2896 795 2957 nonnihil
819 2895 1017 2976 proficerem,
1052 2898 1172 2978 aperuit
1198 2897 1308 2959 oculos

379 2996 453 3039 suos
476 2984 564 3039 setun
587 2986 619 3040 et
641 3000 761 3041 servum
785 2997 873 3040 suum
896 2979 1065 3041 iohannem
1087 2979 1233 3059 Eecium,
1263 2981 1307 3041 in·

378 3060 497 3142 signem
520 3061 631 3124 Christi
655 3063 880 3140 adversarium,
915 3064 1124 3124 exstimulavit
1154 3062 1309 3126 indomita

377 3143 496 3223 gloriae
518 3144 661 3222 libidine,
684 3153 718 3207 ut
740 3167 789 3206 me
811 3146 946 3207 traheret
966 3148 997 3206 in
1020 3165 1145 3208 arenam
1169 3148 1306 3226 inspers-

376 3228 454 3305 tam,
489 3235 617 3306 captans
640 3248 689 3290 me
722 3231 754 3310 ip
776 3249 839 3290 uno
861 3229 989 3292 verbulo
1031 3230 1070 3290 de
1091 3232 1222 3310 primatu
1246 3229 1307 3291 Ro-

377 3327 488 3368 manae
510 3310 676 3389 ecclesiae,
711 3311 783 3371 mihi
811 3312 911 3373 obiter
939 3313 1055 3392 elapso.
1099 3312 1156 3373 Hic
1185 3311 1306 3374 Thraso

376 3390 429 3451 ille
455 3392 608 3472 gloriosus
642 3413 788 3474 spumans
823 3402 853 3454 et
886 3395 1031 3456 frendens
1059 3394 1210 3474 iactabat,
1247 3413 1306 3475 pro

376 3474 476 3554 glorie
498 3471 571 3553 Dei,
610 3495 665 3556 pro
699 3477 819 3537 bonore
847 3487 973 3538 sauctae
994 3478 1076 3540 sedis
1111 3477 1308 3558 apostolicae

378 3559 483 3618 omnia
504 3577 539 3618 se
560 3578 714 3637 ausurum,
737 3568 768 3620 st
789 3560 829 3620 de
850 3569 903 3622 tua
924 3561 1047 3623 inflatus
1069 3559 1226 3623 abutenda
1247 3561 1307 3623 sibi

377 3647 532 3719 potestate
559 3641 634 3701 nihil
664 3644 775 3704 certius
796 3643 997 3726 exspectabat
1019 3664 1108 3726 quem
1132 3644 1307 3723 victorium,

377 3743 440 3784 non
462 3732 525 3785 tam
547 3726 709 3805 primatum
732 3727 829 3803 Petri,
867 3746 957 3807 quem
989 3749 1075 3790 suum
1099 3729 1305 3809 principatum
1404 3725 1405 3745 ³

379 3807 459 3867 inter
480 3808 645 3889 theologos
667 3809 756 3870 huius
769 3810 865 3871 seculi
887 3830 1048 3893 quaerens,
1071 3813 1110 3872 ad
1127 3831 1219 3892 quem
1241 3829 1306 3872 non

375 3909 503 3968 parvum
526 3899 713 3953 momentum
735 3892 850 3956 habere
866 3893 1007 3976 ducebat,
1031 3894 1234 3957 siLulhorum
1253 3894 1306 3956 du·

384 4022 595 4038 -u-t-—n—-n-

449 4076 481 4147 1)
501 4077 532 4131 ln
552 4080 595 4135 ed.
615 4081 700 4139 1521:
720 4097 764 4136 ne.
