3159 4792
350 511 392 579 54
606 504 751 587 ¹'spissus
770 517 797 573 u.
813 518 850 573 ss.
870 518 985 573 cansa

351 694 513 782 illisusqtre
533 721 619 781 sum,
652 711 768 784 quanto
800 696 990 783 coustantius
1020 708 1059 766 ts¹
1089 707 1186 766 virum
1210 692 1272 765 sin-³

348 798 453 847 oerum
477 788 658 850 existimari.
728 797 730 802 '
1222 808 1225 816 ²

432 886 501 947 Hoc
522 885 641 947 scilicet
669 877 730 966 est,
764 887 847 966 quod
875 893 965 969 rupto
993 888 1119 951 foedere
1153 854 1270 950 liberas

350 969 565 1051 disputationis
586 970 715 1032 nolebas
738 970 903 1051 disputari,
926 972 984 1033 nisi
1006 968 1086 1033 datis
1108 970 1270 1047 iudicibus,

350 1054 449 1134 iisque
471 1073 533 1115 non
557 1054 636 1133 aliis,
658 1055 717 1130 nisi
738 1060 809 1115 tuae
831 1054 949 1117 ianuae
970 1054 1172 1131 scholasticis,
1196 1074 1268 1135 quo-

349 1156 413 1198 rum
439 1155 562 1199 causam
586 1137 711 1219 agebas,
734 1137 788 1199 sed
813 1138 933 1199 occulte
952 1145 983 1200 et
1003 1138 1182 1200 adulteratis
1203 1156 1268 1198 ver·

348 1221 406 1297 bis,
429 1239 469 1281 ne
493 1226 523 1281 te
546 1227 577 1281 et
602 1220 674 1281 ilios
706 1222 748 1296 (si
777 1229 902 1302 apertus
929 1218 1058 1305 fuisses]
1092 1218 1269 1283 traduceres

349 1302 567 1365 infelicissime.
609 1303 678 1366 Hoc
700 1309 757 1383 est,
780 1304 863 1386 quod
887 1304 969 1366 dicta
990 1324 1046 1385 per
1058 1308 1195 1373 notarios
1218 1324 1269 1365 ex·

349 1387 408 1467 cipi
430 1386 605 1463 recusabas,
628 1393 682 1447 aut
704 1388 748 1447 sic
772 1390 883 1471 excipi,
906 1396 939 1449 ut
961 1389 1150 1469 exemplaria
1168 1404 1269 1469 neque

347 1476 558 1550 repeterentur
579 1488 638 1553 nec
657 1470 830 1549 ederentur,
853 1471 908 1533 sed
924 1474 1194 1552 supprimerentur,
1216 1470 1268 1531 do·

349 1572 406 1614 nec
427 1553 571 1614 iudicium
595 1560 667 1615 tuae
687 1553 831 1615 factionis
853 1556 1000 1629 iactares,
1031 1572 1161 1616 causans
1184 1554 1267 1615 orbis

347 1634 490 1711 iudicium
514 1656 578 1698 non
599 1636 732 1717 placere,
756 1637 840 1715 quod
859 1638 989 1699 mundus
1011 1640 1041 1698 in
1056 1638 1191 1719 maligno
1214 1657 1269 1718 pc·

348 1720 424 1780 situs
447 1722 501 1799 sit,
532 1720 619 1799 quasi
650 1725 680 1781 te
708 1727 739 1781 et
764 1720 930 1803 theologos
953 1728 1022 1783 tuos
1046 1722 1165 1783 coelum
1200 1740 1269 1781 esse

348 1809 379 1863 et
400 1823 475 1885 prae
508 1804 617 1863 ceteris
652 1803 808 1864 homiuum
831 1807 863 1865 in
885 1806 1019 1887 benigno
1043 1806 1162 1885 positos
1187 1803 1270 1865 credi

350 1891 503 1966 oporteat.
526 1886 577 1947 Sic
599 1888 680 1945 enim
704 1886 854 1947 medullas
876 1892 908 1948 tu
931 1886 1105 1971 Scripturas
1127 1886 1269 1969 pervides

347 1968 413 2028 sine
432 1967 643 2047 simulatione,
663 1967 724 2030 hoc
737 1976 794 2049 est,
809 1970 892 2049 quod
906 1970 1078 2033 Caristadic
1090 1989 1150 2033 uec
1162 1970 1268 2047 libros,

348 2070 407 2111 nec
429 2051 558 2111 schedas
580 2053 757 2131 permittere
778 2052 923 2131 volebas,
956 2054 1007 2133 qui
1038 2054 1063 2114 si
1092 2072 1154 2115 non
1178 2056 1269 2113 simu·

349 2133 445 2216 lasses
468 2136 605 2194 veritatis
626 2136 868 2215 inquisitionem,
891 2155 1003 2218 cogere
1026 2156 1093 2199 eum
1118 2134 1268 2197 debueras

348 2219 378 2277 ei
400 2235 499 2295 crare,
522 2225 554 2277 ut
576 2237 632 2299 per
652 2218 745 2278 alium
759 2218 887 2301 legeret,
910 2220 935 2279 si
948 2239 1011 2280 non
1024 2240 1081 2303 per
1103 2239 1136 2282 se
1151 2225 1267 2300 posset,

346 2302 408 2361 imo
430 2307 464 2361 ut
490 2307 574 2366 muta
595 2301 684 2382 signa
705 2302 809 2384 digitis
843 2300 938 2363 daret.
988 2302 1066 2379 Quid
1100 2320 1163 2363 non
1184 2302 1268 2381 iacit,

347 2383 418 2463 quid
432 2384 629 2466 conpatitur,
650 2386 701 2465 qui
714 2386 872 2445 veritatem
894 2387 1013 2446 sincere
1026 2385 1165 2465 quaerit?
1186 2404 1269 2446 nunc

346 2465 500 2546 magister,
522 2486 605 2527 nuno
625 2466 804 2548 discipulus,
827 2487 909 2527 nuuc
930 2470 1043 2546 socius,
1067 2486 1148 2529 nunc
1172 2470 1268 2529 omui·

344 2549 401 2609 bus
425 2550 529 2609 omnia
550 2548 599 2627 tit,
624 2569 685 2629 quc
707 2552 821 2612 veritas
844 2550 989 2631 prodeat,
1011 2552 1103 2612 talem
1128 2571 1161 2613 se
1185 2548 1274 2614 Gari?

349 2631 476 2709 stadius,
500 2632 592 2693 talem
614 2632 762 2693 Lutherus
784 2653 819 2694 se
841 2633 895 2695 tibi
918 2634 1101 2695 obtulerunt.

429 2729 475 2793 Tu
498 2751 572 2793 vero
595 2733 649 2793 tibi
671 2753 771 2813 paene
794 2736 846 2795 uni
868 2736 1004 2796 veritatis
1027 2756 1163 2797 amorem
1186 2756 1269 2801 arro·

345 2834 437 2897 gpns,
459 2814 541 2875 aliud
564 2835 626 2876 non
649 2816 764 2895 iactas,
795 2837 885 2897 quam
917 2818 943 2878 si
971 2820 1016 2879 sic
1045 2826 1147 2881 actum
1176 2828 1269 2899 esset,

344 2917 407 2966 non
428 2896 523 2960 fuisse
544 2898 800 2981 disputationem,
839 2900 893 2961 sed
915 2904 1023 2965 nescio
1046 2901 1116 2984 quid
1138 2902 1269 2983 puerile,

345 2989 375 3043 te
394 2998 461 3050 non
481 2980 636 3044 Thersitae
659 3003 718 3045 nec
741 2984 817 3055 viles
843 2983 985 3045 homines
1005 2988 1174 3067 quaesisse,
1198 3005 1268 3049 cum

346 3064 454 3147 quibus
477 3066 633 3132 certares?

427 3164 513 3225 Haec
545 3168 774 3247 turgentissima
808 3168 994 3231 vanissimae
1026 3168 1144 3249 gloriae
1175 3169 1271 3234 verbe

344 3254 376 3307 tu
398 3247 493 3309 bomo
515 3249 680 3328 theologus
702 3249 769 3311 sice
789 3250 890 3311 boote
910 3250 942 3310 in
955 3251 1057 3315 media
1072 3256 1270 3332 contemptae

344 3329 463 3409 gloriae
485 3337 517 3390 st
537 3339 660 3392 amatae
680 3350 700 3390 a
722 3338 752 3391 te
775 3332 1023 3407 veritatislaude¹
1037 3342 1139 3395 rotare
1160 3335 1269 3413 audes,

346 3430 426 3491 quas
447 3413 473 3472 si
495 3413 574 3473 alius
598 3413 637 3473 de
659 3420 689 3473 te
713 3414 843 3489 diceret,
879 3435 947 3477 eum
981 3417 1141 3491 debuisses
1163 3420 1268 3479 existi·

345 3514 444 3572 ruere,
478 3495 529 3575 qui
560 3503 592 3558 te
624 3496 708 3557 velut
742 3500 894 3577 pessimus
927 3501 1088 3563 simulator
1118 3500 1267 3565 furiosum

345 3585 508 3639 conaretur
528 3579 699 3659 traducere,
723 3580 859 3661 dignum,
880 3582 912 3643 in
935 3602 1026 3663 quem
1043 3584 1093 3647 vel
1116 3602 1270 3667 expurga·

344 3662 459 3725 tionem
488 3669 542 3724 aut
560 3664 595 3723 ‘si
618 3663 690 3743 quid
713 3666 802 3743 peius
824 3666 942 3745 possis,
977 3668 1135 3729 scriberes.
1179 3667 1270 3731 Nunc

344 3744 397 3805 tibi
420 3745 526 3825 places
563 3748 689 3827 proprio
716 3754 817 3809 rostro
853 3749 1022 3829 crepitante
1043 3751 1124 3813 banc
1145 3750 1268 3817 lwdem

341 3846 505 3908 magnam.

429 3928 577 3992 Credisne
610 3932 703 3993 miser
735 3940 767 3993 et
799 3938 847 4011 tu,
881 3950 950 3993 esse
989 3893 1090 3995 adhuc
1125 3934 1269 3997 beminen

343 4014 376 4073 iu
395 4012 542 4094 mundo,
574 4021 696 4095 praeter
729 4021 799 4079 tuas
829 4014 1013 4099 Iripscnsae,
1046 4024 1171 4087 mutares
1200 4037 1269 4080 mu·
1331 4038 1335 4043 ·
