3159 4792
445 497 873 567 Epistola‚1).bierthuth.ad
894 499 1012 558 Leonem
1033 501 1064 550 x.
1156 497 1217 564 211

295 703 381 761 sum,
413 701 495 762 quae
514 701 611 754 marsa
630 681 700 761 init,
737 691 770 744 ut
797 683 899 752 denuo
932 682 1096 749 scriberem
1124 681 1163 747 sd
1184 682 1220 746 Τ.

295 767 338 845 B,
359 766 441 829 haec
462 773 518 842 est,
540 764 623 845 qaod
640 768 777 833 occursui
801 787 850 828 me
869 773 901 828 et
922 785 1035 848 magno
1058 766 1219 828 vertimihi

295 851 367 912 utin
391 849 532 930 intelligo
553 867 654 914 meam
676 851 895 930 temeritatem,
918 869 1048 929 quareo
1063 857 1133 912 tuae
1154 868 1220 929 per·

294 952 392 994 sonae
413 933 590 1012 pepercisse
611 931 739 996 iudicor.

375 1016 446 1096 Ego
470 1035 558 1092 vero,
588 1020 704 1077 utrem
732 1021 840 1096 aperte
866 1014 1030 1093 confitear,
1072 1017 1215 1078 conscius

294 1100 368 1166 mihi
385 1119 465 1177 sum,
488 1098 662 1177 ubicunque
673 1104 744 1161 tuae
767 1117 920 1178 personae
937 1100 1113 1160 meminisse
1128 1118 1219 1180 opor-

294 1184 359 1262 uit,
371 1201 437 1245 non
448 1183 507 1242 nisi
520 1180 684 1262 magnifica
695 1188 727 1242 et
737 1183 854 1261 optima
869 1179 949 1245 dete
962 1181 1084 1245 dixisse.
1099 1182 1132 1244 si
1147 1201 1220 1246 vero

180 1322 181 1327 ,
295 1287 314 1330 a
328 1286 380 1326 me
392 1283 483 1328 secus
497 1265 610 1327 factum
622 1272 714 1343 esset,
727 1266 859 1345 ipsemet
872 1265 963 1328 nullis
976 1265 1076 1326 modis
1090 1265 1220 1345 probare

180 1388 181 1395 κ
294 1368 419 1429 possem
430 1354 465 1409 et
478 1347 600 1414 illorum
614 1347 653 1416 de
675 1367 724 1414 me
736 1347 880 1408 iudicium
894 1350 978 1409 omni
994 1349 1114 1410 calculo
1136 1349 1221 1409 inra-

294 1451 368 1510 rem,
382 1431 519 1511 nihilque
529 1431 684 1508 libentius,
697 1451 788 1510 quam
801 1429 988 1510 palinodiam
1000 1432 1088 1493 huius
1103 1432 1221 1492 temeri·

294 1517 364 1577 tatis
378 1522 411 1576 et
422 1516 587 1594 impietatis
609 1534 697 1576 meae
711 1533 864 1575 canerem.
886 1514 1051 1594 Appellavi
1064 1521 1094 1574 te
1109 1515 1221 1576 Danie-

294 1598 354 1659 lem
384 1599 415 1658 in
439 1598 617 1677 Babylone,
645 1604 677 1660 et
707 1598 916 1661 innocentiam
951 1604 1033 1658 tuam
1068 1598 1219 1677 insignem

294 1680 442 1744 adversm
476 1681 751 1747 contaminator-em
787 1687 870 1740 tuum
911 1679 1090 1740 silvestrum
1129 1699 1219 1758 quam

294 1765 421 1845 egregio
450 1763 551 1824 studio
577 1770 690 1824 tutatus
713 1764 789 1841 sim,
826 1764 924 1842 quivis
952 1762 1050 1826 lector
1078 1763 1223 1841 intelligit

178 1892 179 1901 a
295 1846 433 1924 abunde,
462 1846 580 1913 scilicet
600 1846 784 1909 celebratior
806 1852 837 1907 et
858 1847 1019 1927 augustior
1037 1853 1084 1908 est
1104 1847 1135 1906 in
1158 1864 1220 1906 om-

296 1931 325 1990 ui
351 1937 501 1996 terrarum
531 1929 606 1990 orbe
635 1937 682 1990 tot
702 1936 855 1990 tantorum
880 1932 1012 1990 virorum
1034 1929 1130 1990 literis
1150 1947 1220 1990 can·

298 2020 361 2075 lata
384 2013 490 2092 opinio
511 2019 542 2073 et
563 2013 645 2074 ritae
667 2020 738 2073 tuae
761 2013 935 2092 inculpatae
957 2013 1048 2089 fama,
1072 2031 1163 2092 quam
1186 2018 1220 2072 ut

296 2116 314 2156 a
334 2097 444 2176 quovis
467 2095 517 2156 vel
538 2096 663 2156 maximi
685 2097 820 2159 nominis
838 2097 939 2176 possit
956 2097 1063 2175 quavis
1085 2103 1152 2158 arte
1168 2096 1222 2156 im·

178 2242 179 2245 ,
296 2181 369 2258 peti.
411 2179 482 2240 Non
504 2197 570 2240 sum
593 2177 788 2254 iamstultus,
811 2187 845 2238 nt
865 2198 933 2238 eum
948 2180 1110 2257 incessam,
1131 2197 1221 2258 quem

178 2316 179 2325 ,
295 2263 395 2324 nullus
417 2280 479 2328 uon
510 2261 631 2340 laudat,
663 2263 735 2341 quin
769 2268 801 2322 et
824 2263 883 2322 mei
906 2261 998 2323 studii
1026 2261 1083 2322 fuit
1105 2262 1222 2340 eritque

295 2365 432 2425 semper,
454 2364 513 2406 nec
534 2364 590 2406 eor
612 2347 784 2422 incessere,
807 2363 885 2425 quos
907 2344 1031 2426 publica
1052 2345 1134 2405 fama
1157 2345 1220 2405 ioe-

293 2428 355 2492 dat.
398 2428 519 2491 Nullius
550 2429 632 2490 enim
661 2428 800 2490 delector
828 2430 973 2505 crimine,
1013 2427 1065 2507 qui
1098 2433 1130 2488 et
1156 2429 1222 2508 ipse

296 2513 369 2574 mihi
392 2514 467 2575 satis
491 2513 633 2574 conscius
646 2532 713 2572 sum
727 2531 859 2592 magnae
882 2511 975 2574 trabis
989 2531 1077 2572 meae
1099 2512 1129 2574 in
1154 2530 1223 2573 oon·

177 2660 178 2667 ,
294 2596 325 2657 lc
343 2614 426 2672 meo,
449 2615 507 2657 nec
528 2597 642 2675 primus
665 2615 734 2657 esse
757 2614 884 2676 queam,
925 2596 1028 2675 quiin
1051 2593 1222 2657 adulteram

298 2678 432 2759 lapidem
457 2679 563 2743 mittat.

380 2763 591 2827 conmuniter
613 2761 735 2841 quidem
757 2762 788 2821 in
810 2762 920 2841 impias
944 2759 1099 2823 doctrinas
1121 2761 1224 2822 invec·

298 2852 431 2908 tussam
453 2846 573 2922 acriter,
596 2844 831 2907 etadversarios
846 2863 909 2905 non
933 2843 972 2904 ob
991 2844 1090 2906 malos
1112 2863 1225 2921 mores,

298 2928 351 2990 sed
384 2927 424 2988 ab
446 2929 634 3008 impietatem
673 2947 735 2988 non
763 2929 900 3009 segniter
928 2926 1087 2988 momordi.
1132 2926 1225 2987 Cuius

298 3010 444 3072 mesdeo
467 3030 529 3072 uon
552 3011 707 3090 poenitet,
741 3018 774 3071 ut
797 3011 931 3072 animum
954 3009 1125 3069 induxerim
1150 3027 1224 3068 con-

297 3101 415 3174 tempto
438 3094 597 3163 hominum
618 3093 731 3156 iudicio
753 3094 784 3155 in
807 3092 1053 3158 eavehementia
1075 3091 1132 3152 nali
1155 3110 1221 3170 par·

298 3196 452 3256 severare,
475 3177 588 3244 Christi
608 3176 764 3256 exemplo,
787 3177 838 3256 qui
860 3176 1017 3254 genimina
1039 3175 1223 3253 viperarum,

298 3277 427 3336 caecos,
463 3260 657 3340 hypocritas,
690 3259 771 3320 filios
795 3257 910 3322 diaboli
933 3278 1005 3320 suas
1028 3257 1223 3320 adversarios

299 3363 354 3423 pro
384 3343 452 3406 zelo
487 3361 543 3405 suo
578 3344 725 3423 appellat.
768 3343 810 3404 Et
837 3341 948 3402 Paulus
982 3341 1076 3403 filium
1112 3339 1226 3402 diaboli

299 3427 426 3506 plenurh
459 3420 542 3487 omni
571 3425 644 3489 dolo
674 3432 706 3487 et
734 3426 851 3486 malitia
879 3445 1001 3506 megum
1040 3425 1225 3498 criminatur,

300 3529 413 3586 canes,
447 3507 612 3587 subdolos,
647 3517 874 3588 cauponatores
906 3508 1057 3587 quosdam
1086 3507 1227 3582 traducit,

300 3593 351 3655 ubi
372 3594 398 3652 si
421 3591 476 3652 des
489 3592 663 3653 molliculas
686 3593 763 3653 istos
776 3591 942 3672 auditores,
966 3593 1041 3652 nihil
1063 3591 1120 3651 erit
1130 3588 1226 3649 Panlo

301 3675 476 3741 mordacius
513 3681 544 3736 et
577 3674 802 3737 immodestius.
846 3673 926 3750 Quid
959 3674 1132 3736 mordacius
1155 3690 1224 3753 pro·

300 3758 422 3838 phetis?
455 3757 560 3818 Nostri
581 3778 657 3818 sane
678 3758 774 3820 seculi
797 3777 886 3820 aures
919 3755 1135 3819 ita'delicatas
1161 3753 1226 3816 red·

302 3841 380 3911 didit
393 3840 587 3907 adulatorum
609 3860 726 3902 vesana
739 3839 912 3920 multitudo,
934 3847 977 3917 ut,
989 3859 1079 3920 quam
1098 3839 1228 3920 primum

303 3933 411 3986 nostra
431 3943 496 3985 non
518 3925 686 3985 sentiamus
708 3924 847 4004 probari,
875 3922 1009 3984 morderi
1037 3941 1095 3982 nos
1118 3919 1228 3982 clame-

302 4022 386 4088 mus,
419 4013 541 4074 etcum
564 4008 723 4072 veritatem
747 4008 808 4067 alio
832 4006 920 4066 titulo
942 4005 1094 4087 repellere
1116 4023 1228 4085 neque

949 4087 1019 4154 rt*
