3159 4792
584 497 618 553 de
636 502 773 567 potestate
791 500 910 555 aoncilii.
1144 497 1208 565 417

283 764 515 845 Disputatio
549 767 591 829 de
624 772 826 849 potestate
853 770 1020 831 aoncilii
1050 772 1085 836 D.
1114 773 1208 834 Mor

593 853 667 913 tini
689 852 903 938 Lulheri*).

553 943 651 1046 'Anno
674 986 714 1051 u.
737 988 773 1051 u.
796 987 935 1050 xxxvi.

373 1123 397 1183 l.
428 1120 520 1183 Nulla
547 1124 694 1185 autoritas
715 1132 789 1205 post
811 1123 964 1185 Christum
987 1130 1036 1183 est
1056 1126 1208 1205 apostolis

285 1208 318 1261 et
340 1202 498 1282 prophetis
520 1208 690 1285 aequanda.
1037 1231 1040 1234 ’

370 1288 399 1348 2.
437 1288 537 1348 Ceteri
568 1307 677 1350 ornnes
706 1309 903 1352 successores
925 1295 1044 1350 tanturn
1068 1289 1210 1371 discipuli

286 1364 409 1428 illorum
434 1369 548 1431 debent
569 1372 684 1433 haberi.

371 1452 400 1514 3.
429 1455 572 1533 Apostoli
595 1463 710 1517 sertam
736 1458 870 1535 (nonin
894 1456 999 1536 speeie
1021 1456 1132 1535 solum,
1155 1456 1208 1517 sed

286 1537 318 1597 iu
329 1535 499 1678 bindividuo
522 1538 663 1621 quoque)
697 1541 936 1619 promissionem
960 1538 1089 1618 Spiritus
1112 1540 1209 1600 saneti

285 1620 327 1679 ha
350 1627 467 1681 uerunt.

370 1704 398 1764 4.
429 1702 502 1763 Ideo
531 1703 589 1763 soli
620 1703 853 1765 fundamentum
876 1703 1027 1765 eeclesiae
1049 1713 1209 1784 vocantur,

286 1784 338 1864 qui
361 1786 504 1846 articulos
526 1785 598 1845 fidei
620 1787 742 1849 tradere
765 1787 930 1848 debebant.
1202 1787 1206 1794 ’

370 1873 399 1932 ὁ.
421 1869 503 1929 Nulli
525 1888 721 1931 successores
742 1872 774 1931 in
796 1869 955 1931 individuo
968 1869 1207 1951 promissionem

286 1952 417 2032 Spiritus
441 1954 538 2012 sanati
561 1953 740 2015 habuerunt.

371 2038 397 2099 6.
427 2034 528 2110 Quare
556 2055 618 2097 non
649 2038 800 2117 sequitur,
836 2036 970 2116 apostoli
997 2036 1058 2097 hoo
1090 2043 1122 2097 et
1148 2036 1210 2098 hoo

286 2126 468 2199 potuerunt,
491 2137 565 2199 ergo
588 2120 668 2179 idam
691 2126 823 2200 possunt
844 2139 950 2179 eorum
972 2129 1179 2183 successores.

371 2205 399 2265 7.
428 2201 488 2263 Sed
521 2202 667 2283 quidquid
695 2204 805 2264 volunt
833 2202 946 2263 dooere
975 2208 1029 2263 aut
1062 2210 1207 2283 statuere,

222 2324 228 2330 -
287 2284 403 2346 debant
425 2286 617 2346 autoritatem
640 2287 852 2366 apostolorum
876 2286 961 2365 sequi
985 2293 1017 2346 et
1038 2284 1155 2347 afferre.

372 2370 400 2432 8.
430 2369 515 2429 Siout
534 2370 640 2431 Petrus
662 2370 720 2430 ait:
742 2369 921 2449 Loquantur
942 2369 1029 2448 quasi
1050 2373 1209 2431 sermones
1316 2375 1321 2384 ‘

288 2452 361 2529 Dei,
385 2453 557 2513 ministrent
578 2456 657 2514 sieut
677 2454 820 2515 virtutem
843 2453 910 2512 Dei.

373 2538 401 2599 9.
432 2534 501 2595 Non
536 2538 616 2596 euim
644 2537 804 2597 voluntate
833 2536 967 2597 hnmana
995 2535 1121 2597 affertur
1140 2556 1210 2618 pro·

289 2618 404 2699 phetia,
428 2620 467 2678 sit
488 2620 581 2681 homo
604 2622 634 2679 in
658 2639 843 2700 quoeunque
865 2620 971 2701 granu.

354 2705 402 2766 10.
425 2700 485 2762 Sed
508 2702 622 2783 Spiritu
644 2711 751 2764 sanato
770 2705 959 2784 inspirantur
979 2703 1120 2764 homines
1144 2703 1211 2783 Dei,

289 2792 323 2845 ut
356 2786 594 2865 interpretantur
623 2786 795 2868 Scripturas
828 2804 891 2847 non
918 2788 1045 2867 propria
1065 2788 1211 2868 interpro-

289 2869 416 2931 tatione.

261 2960 264 2967 '
353 2956 401 3015 11.
431 2950 568 3027 Quodsi
590 2952 821 3013 fundamentum
844 2951 1058 3032 apostolorum
1080 2968 1143 3009 non
1164 2968 1211 3009 se·

289 3043 423 3115 quantur
445 3054 654 3115 suceessores,
677 3054 735 3097 nea
760 3035 942 3111 observant,
971 3032 1118 3094 haeretiei
1140 3039 1212 3093 sunt

288 3119 338 3179 vel
362 3118 540 3195 antichristi,
564 3126 597 3179 ut
618 3126 705 3180 extra
727 3118 958 3179 fundamentum
981 3114 1101 3197 perditi,

356 3202 402 3263 12.
431 3200 564 3261 Possunt
585 3212 659 3282 ergo
682 3204 821 3283 episeopi
843 3201 1023 3281 congregati
1055 3218 1109 3270 seu
1138 3216 1211 3259 oon·
1307 3234 1310 3237 -

288 3285 390 3345 uilium
415 3304 532 3363 errare,
555 3286 634 3346 siout
656 3286 707 3346 alii
728 3286 887 3363 homines,
909 3292 972 3344 tum
995 3280 1125 3365 publici,
1147 3287 1210 3341 tum

289 3368 412 3447 privati.
839 3381 842 3386 “
885 3367 887 3371 ’

351 3454 399 3515 13.
423 3450 454 3512 Si
477 3468 549 3513 voro
572 3471 635 3512 non
659 3458 770 3529 errant,
794 3452 855 3512 hoo
876 3448 911 3509 fit
932 3467 1015 3528 uasu,
1037 3468 1091 3509 seu
1113 3447 1212 3507 saneti

289 3534 417 3594 alieuius
440 3536 611 3613 intereos,
636 3554 689 3597 seu
712 3534 864 3595 eeclesiae
886 3534 1012 3612 merito,
1040 3550 1106 3592 non·
1126 3537 1211 3590 auto-

288 3618 378 3678 ritate
401 3619 650 3699 oongregatiouis
673 3636 788 3681 eorum.
893 3677 897 3681 .
930 3617 937 3623 ’

275 3772 279 3781 .
351 3703 401 3766 14.
431 3700 517 3761 Siout
545 3700 694 3761 Nioenum
724 3700 888 3761 consilium
929 3699 1018 3757 nnius
1050 3694 1212 3775 Paphnutii

292 3859 500 3866 *βω-...-

343 3943 375 4013 *)
398 3944 502 3999 'Beatus
522 3944 652 4010 repetitus
671 3946 714 3994 est
733 3957 769 3993 ex
788 3940 831 3993 ad.
851 3934 1211 4004 1538,eollanen.1oos.

292 4016 413 4083 (walah,
432 4014 498 4069 XlX
516 4033 543 4085 p.
564 4016 616 4071 118
634 4020 662 4067 et
680 4012 784 4077 2202.).
1127 4013 1132 4018 ’

317 4122 408 4164 neuen
422 4132 473 4171 opp.
491 4123 521 4165 v.
538 4122 564 4163 a
579 4120 608 4161 au
621 4118 663 4162 rar.
676 4118 727 4159 uss
740 4119 756 4159 r.
769 4128 791 4168 p.
805 4099 907 4159 vor.1v.'
999 4092 1040 4158 27
