3159 4792
343 503 407 573 348
653 512 805 583 Disputatio
824 512 860 573 D.
878 514 913 571 u.
931 514 965 574 In·

364 700 414 767 54.
435 698 498 761 Aut
519 701 544 761 si
566 701 659 763 volet
673 708 706 762 et
724 707 845 782 potent,
876 710 981 765 votum
1013 708 1046 765 et
1079 702 1259 784 religionem

348 790 462 859 teneat,
484 785 674 863 impietatem
696 792 802 865 ponat.

368 870 420 931 55.
443 867 550 927 Potest
588 870 670 929 enim
701 869 864 948 religiosus
897 869 1024 931 abusum
1059 872 1123 930 voti
1153 870 1282 949 solum·

344 951 508 1010 autsimul
531 952 731 1029 utrumque¹)
756 971 884 1031 ponere.

363 1035 413 1098 56.
434 1032 571 1095 Abueum
605 1036 668 1095 voti
704 1034 848 1111 dioimus‚
887 1036 968 1095 hono
997 1037 1095 1115 ipsum
1136 1038 1262 1116 impium

346 1116 523 1195 opinionem
546 1117 618 1178 fidei
638 1117 855 1179 adversarium.

365 1203 414 1263 57.
438 1200 503 1260 lmo
541 1198 667 1263 ebusum
700 1220 754 1261 seu
787 1202 976 1281 impietatem
1009 1202 1101 1263 dehet
1134 1222 1263 1283 ponere,

344 1280 401 1342 sub
424 1283 579 1343 maledicti
601 1287 718 1345 aeterni
744 1304 857 1363 poena.

364 1366 416 1429 58.
441 1367 554 1427 Votum
577 1367 717 1444 nutem2)
742 1386 798 1428 seu
819 1366 1010 1447 religionem,
1032 1388 1115 1429 nova
1140 1368 1263 1448 pietatis

345 1448 502 1527 opinione,
522 1450 672 1511 innovare
695 1449 797 1510 denuo
820 1457 932 1529 potest.

366 1533 415 1595 59.
439 1532 528 1606 Quod
547 1535 573 1592 oi
591 1533 693 1595 denuo
707 1534 866 1609 innovare,
890 1541 921 1594 et
944 1534 981 1595 ab
997 1535 1118 1614 integro
1144 1552 1260 1595 vovere
1279 1608 1282 1621 ὅ

345 1634 406 1674 non
431 1616 523 1692 volet,
546 1616 672 1677 liberum
697 1624 775 1676 esto,

365 1701 414 1763 60.
437 1698 523 1759 Prius
545 1701 627 1760 euim
648 1700 814 1778 impietatis
833 1703 949 1776 votum,
972 1704 1006 1759 ut
1027 1699 1103 1759 nihil
1126 1718 1259 1778 unquam

344 1779 409 1857 fuit,
432 1782 475 1840 itu
497 1781 571 1841 nihil
594 1788 720 1842 estnec
742 1784 808 1844 erit.

366 1866 415 1927 61.
437 1864 513 1925 Ideo
545 1866 602 1938 nini
635 1884 717 1926 novo
748 1874 823 1925 voto
835 1864 866 1939 ³)
897 1866 926 1924 in
956 1864 1016 1925 fide
1048 1868 1100 1945 pia
1128 1867 1262 1943 voreris,

345 1945 476 2006 liberes
501 1956 532 2007 et
553 1949 635 2007 luisti
659 1947 698 2008 ab
721 1950 804 2007 omni
826 1954 909 2012 voto.

365 2031 414 2093 62.
437 2030 519 2090 Nihil
541 2032 621 2090 enim
645 2038 755 2093 eontra
776 2031 885 2108 Deum,
908 2030 963 2091 sed
986 2032 1090 2092 omniu
1112 2051 1169 2111 pro
1194 2032 1260 2091 Deo

345 2130 509 2190 possumus
533 2120 564 2173 et
586 2114 744 2175 debemus.

362 2197 412 2259 63.
436 2194 559 2256 Certum
581 2204 627 2256 eet
649 2198 804 2276 episeopis
833 2200 947 2259 nostris
980 2198 1162 2277 apostaticis
1197 2216 1263 2276 reg·

342 2278 485 2338 nantibus
506 2279 598 2340 fidem
621 2281 678 2340 Dei
701 2281 892 2341 oooubuieee.

363 2360 412 2425 64.
434 2362 549 2423 Horum
572 2364 664 2443 igitur
686 2364 777 2442 eulpa
799 2369 847 2423 eet
858 2363 988 2443 perditio
1013 2367 1060 2426 tot
1080 2362 1261 2423 adolescen-

344 2443 476 2504 tulorum
500 2452 530 2505 et
553 2446 854 2507 adolescentularum
876 2448 1065 2507 voventium.

366 2529 416 2590 65.
439 2527 508 2601 Quo
531 2527 574 2606 fit,
597 2537 630 2588 ut
652 2531 798 2589 maiorem
822 2529 899 2589 tales
921 2530 1056 2590 habeant
1077 2536 1109 2589 et
1130 2530 1263 2589 nenessi-

347 2615 440 2668 tatem
464 2618 494 2669 et
516 2612 562 2669 ius
585 2617 659 2671 vota
680 2631 738 2671 sua
758 2614 931 2691 rumpendi.

363 2693 414 2758 66.
436 2691 515 2766 Quin
536 2692 628 2754 fidem
662 2702 695 2755 et
714 2714 843 2774 regnum
866 2696 923 2755 Dei
954 2714 1017 2757 non
1051 2693 1216 2755 audierunt
1246 2712 1264 2751 a

345 2774 436 2833 mutis
457 2775 516 2834 illis
539 2778 686 2855 tyrannis.

365 2860 413 2922 67.
436 2857 501 2919 lmo
524 2861 603 2919 siout
634 2880 709 2921 oves
738 2880 757 2919 a
779 2860 859 2939 lupis
887 2880 945 2941 ‘per
973 2862 1098 2941 impiam
1133 2878 1262 2939 operum

347 2939 517 3001 doctrinam
540 2942 579 3001 ab
603 2944 646 3003 eis
671 2943 810 3003 devorati
833 2951 912 3007 sunt.

364 3024 414 3088 68.
436 3025 532 3085 Multo
562 3028 695 3087 maxime
723 3028 744 3085 ii
771 3026 864 3087 etium
888 3023 1070 3087 extrudendi
1097 3030 1183 3100 sunt,
1215 3024 1266 3101 qui

344 3108 459 3166 ventris
482 3115 536 3167 aut
557 3110 675 3189 gloriae
697 3108 810 3169 affeetu
832 3116 993 3171 voverunt.

365 3192 414 3253 69.
438 3190 521 3251 Dens
543 3211 639 3270 opere
671 3194 717 3275 sni
749 3195 907 3272 praeoepti
934 3192 1061 3253 damnat
1106 3199 1136 3249 et
1166 3190 1267 3250 omitti

346 3272 481 3348 maudut,
505 3275 530 3332 si
552 3276 619 3333 sine
641 3274 702 3335 fide
724 3274 807 3336 fiant.

365 3357 416 3419 70.
433 3356 535 3434 ,Multo
560 3360 657 3437 magis
671 3376 766 3437 opera
793 3364 932 3419 votorum
950 3357 1098 3419 damnata
1121 3363 1152 3415 et
1174 3358 1266 3415 omis-

345 3458 380 3498 sa
402 3438 495 3515 volet,
519 3442 543 3498 si
564 3442 631 3500 sine
653 3440 714 3502 lide
734 3440 821 3502 fiant.

368 3524 417 3584 71.
440 3521 509 3581 Non
536 3543 592 3601 per
613 3524 692 3585 haee
714 3525 850 3583 omnium
874 3523 1088 3603 religiosorum
1120 3530 1194 3583 vote
1216 3529 1269 3581 aut

347 3604 440 3665 vitam
463 3604 629 3666 damnasse
651 3608 801 3666 volumno.

341 3807 750 3826 mm

456 3917 484 3973 ll
504 3917 535 3969 ln
569 3918 630 3970 edd.
653 3917 722 3971 1538
753 3922 780 3968 et
801 3915 883 3970 1558:
915 3918 1060 4037 utrunriuo.
1090 3908 1138 3967 ’21
1168 3906 1199 3963 ln
1229 3913 1269 3965 ed.

347 3985 568 4053 Propositionnm
590 3989 659 4043 1558
678 3995 706 4039 et
724 3989 752 4038 in
771 3987 813 4039 ed.
833 3984 896 4039 Jen.
916 3980 995 4052 Opp(

1028 3982 1145 4037 .deest:
1166 3992 1269 4041 auteur,
1306 4028 1308 4032 .

346 4058 379 4123 3)
399 4058 430 4109 In
449 4058 511 4112 edd.
534 4062 604 4116 1538
623 4068 650 4112 et
669 4060 739 4115 1558
759 4060 833 4112 etin
853 4056 896 4110 ed.
913 4056 987 4111 den:
1006 4056 1041 4110 de
1059 4072 1143 4110 novo.
1280 4068 1286 4075 ·
