<?xml version="1.0" encoding="UTF-8"?>
<!DOCTYPE html PUBLIC "-//W3C//DTD XHTML 1.0 Transitional//EN"
    "http://www.w3.org/TR/xhtml1/DTD/xhtml1-transitional.dtd">
<html xmlns="http://www.w3.org/1999/xhtml" xml:lang="en" lang="en">
 <head>
  <title>
</title>
<meta http-equiv="Content-Type" content="text/html;charset=utf-8" />
  <meta name='ocr-system' content='tesseract 3.04.00' />
  <meta name='ocr-capabilities' content='ocr_page ocr_carea ocr_par ocr_line ocrx_word'/>
</head>
<body>
  <div class='ocr_page' id='page_1' title='image "./operalatinavari04schmgoog_0277.png"; bbox 0 0 3159 4792; ppageno 0'>
   <div class='ocr_carea' id='block_1_1' title="bbox 559 507 1206 576">
    <p class='ocr_par' dir='ltr' id='par_1_1' title="bbox 559 507 1206 576">
     <span class='ocr_line' id='line_1_1' title="bbox 559 507 1206 576; baseline 0.009 -14"><span class='ocrx_word' id='word_1_1' title='bbox 559 515 653 564; x_wconf 82' lang='lat' dir='ltr'>contra</span> <span class='ocrx_word' id='word_1_2' title='bbox 670 525 780 566; x_wconf 86' lang='lat' dir='ltr'>errores</span> <span class='ocrx_word' id='word_1_3' title='bbox 799 511 833 564; x_wconf 82' lang='lat' dir='ltr'>ll.</span> <span class='ocrx_word' id='word_1_4' title='bbox 854 511 932 564; x_wconf 86' lang='lat' dir='ltr'>Luth.</span> <span class='ocrx_word' id='word_1_5' title='bbox 1143 507 1206 576; x_wconf 79' lang='lat'>269</span> 
     </span>
    </p>
   </div>
   <div class='ocr_carea' id='block_1_2' title="bbox 289 693 1206 756">
    <p class='ocr_par' dir='ltr' id='par_1_2' title="bbox 289 693 1206 756">
     <span class='ocr_line' id='line_1_2' title="bbox 289 693 1206 756; baseline 0.003 -3"><span class='ocrx_word' id='word_1_6' title='bbox 289 712 371 755; x_wconf 89' lang='lat' dir='ltr'>sores</span> <span class='ocrx_word' id='word_1_7' title='bbox 403 694 502 754; x_wconf 82' lang='lat' dir='ltr'>nostri</span> <span class='ocrx_word' id='word_1_8' title='bbox 534 700 566 755; x_wconf 90' lang='lat' dir='ltr'>et</span> <span class='ocrx_word' id='word_1_9' title='bbox 597 713 655 755; x_wconf 93' lang='lat' dir='ltr'>nos</span> <span class='ocrx_word' id='word_1_10' title='bbox 683 693 821 755; x_wconf 87' lang='lat' dir='ltr'>eiusdem</span> <span class='ocrx_word' id='word_1_11' title='bbox 858 693 1009 756; x_wconf 84' lang='lat' dir='ltr'>ecclesiae</span> <span class='ocrx_word' id='word_1_12' title='bbox 1036 694 1206 756; x_wconf 85' lang='lat' dir='ltr'>advocatos</span> 
     </span>
    </p>
   </div>
   <div class='ocr_carea' id='block_1_3' title="bbox 288 775 1331 865">
    <p class='ocr_par' dir='ltr' id='par_1_3' title="bbox 288 775 1331 865">
     <span class='ocr_line' id='line_1_3' title="bbox 288 775 1331 865; baseline 0.003 -30"><span class='ocrx_word' id='word_1_13' title='bbox 288 775 571 858; x_wconf 69' lang='lat' dir='ltr'>defensoresquex)</span> <span class='ocrx_word' id='word_1_14' title='bbox 594 797 633 838; x_wconf 86' lang='lat' dir='ltr'>ex</span> <span class='ocrx_word' id='word_1_15' title='bbox 662 779 706 837; x_wconf 89' lang='lat' dir='ltr'>eis</span> <span class='ocrx_word' id='word_1_16' title='bbox 742 796 864 858; x_wconf 83' lang='lat' dir='ltr'><strong>semper</strong></span> <span class='ocrx_word' id='word_1_17' title='bbox 891 779 1077 858; x_wconf 85' lang='lat' dir='ltr'>accepimus.</span> <span class='ocrx_word' id='word_1_18' title='bbox 1120 777 1206 852; x_wconf 80' lang='lat' dir='ltr'>Quos</span> <span class='ocrx_word' id='word_1_19' title='bbox 1322 849 1331 865; x_wconf 36' lang='grc' dir='ltr'><strong><em>Ι</em></strong></span> 
     </span>
    </p>
   </div>
   <div class='ocr_carea' id='block_1_4' title="bbox 285 859 1229 3602">
    <p class='ocr_par' dir='ltr' id='par_1_4' title="bbox 285 859 1208 1771">
     <span class='ocr_line' id='line_1_4' title="bbox 286 859 1206 939; baseline 0.003 -20"><span class='ocrx_word' id='word_1_20' title='bbox 286 859 408 938; x_wconf 86' lang='lat' dir='ltr'>quidem</span> <span class='ocrx_word' id='word_1_21' title='bbox 430 859 613 939; x_wconf 80' lang='lat' dir='ltr'>Germanos,</span> <span class='ocrx_word' id='word_1_22' title='bbox 635 861 807 922; x_wconf 83' lang='lat' dir='ltr'>catholicae</span> <span class='ocrx_word' id='word_1_23' title='bbox 828 862 965 924; x_wconf 77' lang='lat' dir='ltr'>ueritatis</span> <span class='ocrx_word' id='word_1_24' title='bbox 987 879 1059 922; x_wconf 90' lang='lat' dir='ltr'>vere</span> <span class='ocrx_word' id='word_1_25' title='bbox 1081 861 1206 922; x_wconf 72' lang='lat' dir='ltr'>Germa</span> 
     </span>
     <span class='ocr_line' id='line_1_5' title="bbox 288 939 1205 1026; baseline 0.003 -24"><span class='ocrx_word' id='word_1_26' title='bbox 288 939 403 1025; x_wconf 86' lang='lat' dir='ltr'>rosh),</span> <span class='ocrx_word' id='word_1_27' title='bbox 426 949 549 1004; x_wconf 88' lang='lat' dir='ltr'>constat</span> <span class='ocrx_word' id='word_1_28' title='bbox 576 944 748 1004; x_wconf 79' lang='lat' dir='ltr'><strong>haeresium</strong></span> <span class='ocrx_word' id='word_1_29' title='bbox 777 945 943 1004; x_wconf 88' lang='lat' dir='ltr'>acerrimos</span> <span class='ocrx_word' id='word_1_30' title='bbox 976 953 1205 1026; x_wconf 75' lang='lat' dir='ltr'>oppugnatores</span> 
     </span>
     <span class='ocr_line' id='line_1_6' title="bbox 286 1025 1202 1106; baseline 0.003 -21"><span class='ocrx_word' id='word_1_31' title='bbox 286 1044 407 1106; x_wconf 82' lang='lat' dir='ltr'>semper</span> <span class='ocrx_word' id='word_1_32' title='bbox 433 1025 536 1086; x_wconf 81' lang='lat' dir='ltr'>luisse.</span> <span class='ocrx_word' id='word_1_33' title='bbox 579 1025 674 1086; x_wconf 81' lang='lat' dir='ltr'>Cuius</span> <span class='ocrx_word' id='word_1_34' title='bbox 706 1028 751 1087; x_wconf 92' lang='lat' dir='ltr'>rei</span> <span class='ocrx_word' id='word_1_35' title='bbox 779 1034 873 1088; x_wconf 90' lang='lat' dir='ltr'>testes</span> <span class='ocrx_word' id='word_1_36' title='bbox 901 1036 971 1086; x_wconf 93' lang='lat' dir='ltr'>sunt</span> <span class='ocrx_word' id='word_1_37' title='bbox 999 1027 1202 1102; x_wconf 79' lang='lat' dir='ltr'>laudabilesi)</span> 
     </span>
     <span class='ocr_line' id='line_1_7' title="bbox 285 1107 1204 1191; baseline 0.002 -23"><span class='ocrx_word' id='word_1_38' title='bbox 285 1107 355 1168; x_wconf 86' lang='lat' dir='ltr'>illae</span> <span class='ocrx_word' id='word_1_39' title='bbox 377 1109 613 1170; x_wconf 75' lang='lat' dir='ltr'>constitutiones</span> <span class='ocrx_word' id='word_1_40' title='bbox 635 1109 859 1171; x_wconf 87' lang='lat' dir='ltr'>Germanorum</span> <span class='ocrx_word' id='word_1_41' title='bbox 870 1107 1134 1190; x_wconf 76' lang='lat' dir='ltr'>Imperatorumk)</span> <span class='ocrx_word' id='word_1_42' title='bbox 1148 1129 1204 1191; x_wconf 90' lang='lat' dir='ltr'>pro</span> 
     </span>
     <span class='ocr_line' id='line_1_8' title="bbox 289 1191 1207 1274; baseline 0.003 -23"><span class='ocrx_word' id='word_1_43' title='bbox 289 1191 430 1252; x_wconf 89' lang='lat' dir='ltr'>libertate</span> <span class='ocrx_word' id='word_1_44' title='bbox 452 1193 603 1253; x_wconf 87' lang='lat' dir='ltr'>ecclesiae</span> <span class='ocrx_word' id='word_1_45' title='bbox 634 1212 752 1272; x_wconf 87' lang='lat' dir='ltr'>proque</span> <span class='ocrx_word' id='word_1_46' title='bbox 781 1193 974 1274; x_wconf 85' lang='lat' dir='ltr'>expellendis</span> <span class='ocrx_word' id='word_1_47' title='bbox 1005 1195 1207 1256; x_wconf 84' lang='lat' dir='ltr'>exterminan-</span> 
     </span>
     <span class='ocr_line' id='line_1_9' title="bbox 286 1273 1208 1357; baseline 0.004 -23"><span class='ocrx_word' id='word_1_48' title='bbox 286 1274 394 1354; x_wconf 87' lang='lat' dir='ltr'>disque</span> <span class='ocrx_word' id='word_1_49' title='bbox 413 1293 453 1334; x_wconf 90' lang='lat' dir='ltr'>ex</span> <span class='ocrx_word' id='word_1_50' title='bbox 476 1277 559 1335; x_wconf 91' lang='lat' dir='ltr'>omni</span> <span class='ocrx_word' id='word_1_51' title='bbox 581 1275 748 1336; x_wconf 85' lang='lat' dir='ltr'>Germania</span> <span class='ocrx_word' id='word_1_52' title='bbox 768 1273 964 1357; x_wconf 85' lang='lat' dir='ltr'>haereticisl)</span> <span class='ocrx_word' id='word_1_53' title='bbox 989 1277 1044 1338; x_wconf 91' lang='lat' dir='ltr'>sub</span> <span class='ocrx_word' id='word_1_54' title='bbox 1066 1279 1208 1357; x_wconf 87' lang='lat' dir='ltr'>gravissi·</span> 
     </span>
     <span class='ocr_line' id='line_1_10' title="bbox 286 1355 1208 1440; baseline 0.003 -23"><span class='ocrx_word' id='word_1_55' title='bbox 286 1359 340 1418; x_wconf 89' lang='lat' dir='ltr'>mis</span> <span class='ocrx_word' id='word_1_56' title='bbox 363 1355 546 1440; x_wconf 80' lang='lat' dir='ltr'>poenism),</span> <span class='ocrx_word' id='word_1_57' title='bbox 569 1359 660 1419; x_wconf 85' lang='lat' dir='ltr'>etiam</span> <span class='ocrx_word' id='word_1_58' title='bbox 692 1361 867 1420; x_wconf 89' lang='lat' dir='ltr'>amissionis</span> <span class='ocrx_word' id='word_1_59' title='bbox 889 1365 1035 1420; x_wconf 88' lang='lat' dir='ltr'>terrarum</span> <span class='ocrx_word' id='word_1_60' title='bbox 1060 1368 1091 1420; x_wconf 92' lang='lat' dir='ltr'>et</span> <span class='ocrx_word' id='word_1_61' title='bbox 1112 1359 1208 1421; x_wconf 91' lang='lat' dir='ltr'>dorni-</span> 
     </span>
     <span class='ocr_line' id='line_1_11' title="bbox 286 1442 1207 1522; baseline 0.003 -22"><span class='ocrx_word' id='word_1_62' title='bbox 286 1442 423 1519; x_wconf 85' lang='lat' dir='ltr'>nioruru,</span> <span class='ocrx_word' id='word_1_63' title='bbox 456 1449 566 1502; x_wconf 87' lang='lat' dir='ltr'>contra</span> <span class='ocrx_word' id='word_1_64' title='bbox 590 1449 814 1522; x_wconf 77' lang='lat' dir='ltr'>receptatores,</span> <span class='ocrx_word' id='word_1_65' title='bbox 849 1443 897 1503; x_wconf 85' lang='lat' dir='ltr'>vel</span> <span class='ocrx_word' id='word_1_66' title='bbox 921 1462 983 1503; x_wconf 91' lang='lat' dir='ltr'>nou</span> <span class='ocrx_word' id='word_1_67' title='bbox 1007 1443 1207 1522; x_wconf 82' lang='lat' dir='ltr'>expellentes,</span> 
     </span>
     <span class='ocr_line' id='line_1_12' title="bbox 286 1523 1206 1602; baseline 0.002 -18"><span class='ocrx_word' id='word_1_68' title='bbox 286 1525 357 1584; x_wconf 89' lang='lat' dir='ltr'>olim</span> <span class='ocrx_word' id='word_1_69' title='bbox 387 1523 504 1602; x_wconf 86' lang='lat' dir='ltr'>editae,</span> <span class='ocrx_word' id='word_1_70' title='bbox 539 1531 571 1585; x_wconf 90' lang='lat' dir='ltr'>et</span> <span class='ocrx_word' id='word_1_71' title='bbox 591 1545 611 1585; x_wconf 92' lang='lat' dir='ltr'>a</span> <span class='ocrx_word' id='word_1_72' title='bbox 631 1527 744 1586; x_wconf 85' lang='lat' dir='ltr'>nostris</span> <span class='ocrx_word' id='word_1_73' title='bbox 766 1525 1060 1586; x_wconf 80' lang='lat' dir='ltr'>Praedonessoribus</span> <span class='ocrx_word' id='word_1_74' title='bbox 1098 1525 1206 1586; x_wconf 87' lang='lat' dir='ltr'>conflr-</span> 
     </span>
     <span class='ocr_line' id='line_1_13' title="bbox 287 1605 1207 1750; baseline 0.003 -84"><span class='ocrx_word' id='word_1_75' title='bbox 287 1605 442 1750; x_wconf 55' lang='lat' dir='ltr'>mataeng,</span> <span class='ocrx_word' id='word_1_76' title='bbox 465 1608 592 1686; x_wconf 86' lang='lat' dir='ltr'>quaesi</span> <span class='ocrx_word' id='word_1_77' title='bbox 614 1607 707 1669; x_wconf 90' lang='lat' dir='ltr'>hodie</span> <span class='ocrx_word' id='word_1_78' title='bbox 728 1615 939 1688; x_wconf 80' lang='lat' dir='ltr'>servarentur,</span> <span class='ocrx_word' id='word_1_79' title='bbox 966 1617 997 1669; x_wconf 93' lang='lat' dir='ltr'>et</span> <span class='ocrx_word' id='word_1_80' title='bbox 1017 1629 1075 1670; x_wconf 87' lang='lat' dir='ltr'>nos</span> <span class='ocrx_word' id='word_1_81' title='bbox 1098 1610 1207 1689; x_wconf 87' lang='lat' dir='ltr'>stipsi</span> 
     </span>
     <span class='ocr_line' id='line_1_14' title="bbox 286 1690 887 1771; baseline 0.005 -21"><span class='ocrx_word' id='word_1_82' title='bbox 286 1691 389 1770; x_wconf 90' lang='lat' dir='ltr'>utique</span> <span class='ocrx_word' id='word_1_83' title='bbox 433 1709 470 1750; x_wconf 87' lang='lat' dir='ltr'>ac</span> <span class='ocrx_word' id='word_1_84' title='bbox 494 1690 637 1752; x_wconf 87' lang='lat' dir='ltr'>molestia</span> <span class='ocrx_word' id='word_1_85' title='bbox 659 1691 887 1771; x_wconf 75' lang='lat' dir='ltr'>careremuso).</span> 
     </span>
    </p>

    <p class='ocr_par' dir='ltr' id='par_1_5' title="bbox 324 1772 1209 2172">
     <span class='ocr_line' id='line_1_15' title="bbox 325 1772 1207 1856; baseline 0.002 -22"><span class='ocrx_word' id='word_1_86' title='bbox 325 1772 363 1856; x_wconf 84' lang='lat' dir='ltr'>a)</span> <span class='ocrx_word' id='word_1_87' title='bbox 388 1772 511 1836; x_wconf 83' lang='lat' dir='ltr'>Laudat</span> <span class='ocrx_word' id='word_1_88' title='bbox 524 1773 553 1856; x_wconf 87' lang='lat'>¹)</span> <span class='ocrx_word' id='word_1_89' title='bbox 578 1774 898 1856; x_wconf 62' lang='lat' dir='ltr'>Germaniamnp‘floe</span> <span class='ocrx_word' id='word_1_90' title='bbox 925 1795 1016 1835; x_wconf 89' lang='lat' dir='ltr'>unum</span> <span class='ocrx_word' id='word_1_91' title='bbox 1038 1773 1139 1836; x_wconf 82' lang='lat' dir='ltr'>reddit</span> <span class='ocrx_word' id='word_1_92' title='bbox 1161 1782 1207 1836; x_wconf 92' lang='lat' dir='ltr'>to·</span> 
     </span>
     <span class='ocr_line' id='line_1_16' title="bbox 324 1856 1207 1939; baseline 0.005 -23"><span class='ocrx_word' id='word_1_93' title='bbox 324 1858 382 1917; x_wconf 84' lang='lat' dir='ltr'>ties</span> <span class='ocrx_word' id='word_1_94' title='bbox 405 1856 603 1919; x_wconf 87' lang='lat' dir='ltr'>incommodo</span> <span class='ocrx_word' id='word_1_95' title='bbox 625 1857 664 1920; x_wconf 90' lang='lat' dir='ltr'>ab</span> <span class='ocrx_word' id='word_1_96' title='bbox 682 1877 717 1928; x_wconf 86' lang='lat' dir='ltr'>se</span> <span class='ocrx_word' id='word_1_97' title='bbox 737 1857 877 1921; x_wconf 86' lang='lat' dir='ltr'>affectae.</span> <span class='ocrx_word' id='word_1_98' title='bbox 918 1858 1025 1939; x_wconf 89' lang='lat' dir='ltr'>ltaque</span> <span class='ocrx_word' id='word_1_99' title='bbox 1045 1858 1145 1928; x_wconf 86' lang='lat' dir='ltr'>adhue</span> <span class='ocrx_word' id='word_1_100' title='bbox 1165 1859 1207 1920; x_wconf 92' lang='lat' dir='ltr'>in.</span> 
     </span>
     <span class='ocr_line' id='line_1_17' title="bbox 325 1941 1209 2022; baseline 0.005 -24"><span class='ocrx_word' id='word_1_101' title='bbox 325 1960 381 2020; x_wconf 85' lang='lat' dir='ltr'>spe</span> <span class='ocrx_word' id='word_1_102' title='bbox 392 1947 439 2000; x_wconf 91' lang='lat' dir='ltr'>est</span> <span class='ocrx_word' id='word_1_103' title='bbox 450 1942 721 2021; x_wconf 80' lang='lat' dir='ltr'>reconciliationis,</span> <span class='ocrx_word' id='word_1_104' title='bbox 733 1942 890 2003; x_wconf 87' lang='lat' dir='ltr'>aliternon</span> <span class='ocrx_word' id='word_1_105' title='bbox 899 1941 1209 2022; x_wconf 85' lang='lat' dir='ltr'>sicblandepalpsret</span> 
     </span>
     <span class='ocr_line' id='line_1_18' title="bbox 328 2021 1209 2104; baseline 0.003 -21"><span class='ocrx_word' id='word_1_106' title='bbox 328 2021 363 2098; x_wconf 76' lang='lat' dir='ltr'>b)</span> <span class='ocrx_word' id='word_1_107' title='bbox 390 2023 625 2086; x_wconf 87' lang='lat' dir='ltr'>Devoraveratis</span> <span class='ocrx_word' id='word_1_108' title='bbox 648 2027 747 2102; x_wconf 90' lang='lat' dir='ltr'>enim,</span> <span class='ocrx_word' id='word_1_109' title='bbox 781 2025 837 2086; x_wconf 91' lang='lat' dir='ltr'>sed</span> <span class='ocrx_word' id='word_1_110' title='bbox 859 2044 942 2086; x_wconf 89' lang='lat' dir='ltr'>nuuc</span> <span class='ocrx_word' id='word_1_111' title='bbox 962 2027 1144 2104; x_wconf 86' lang='lat' dir='ltr'>revometis,</span> <span class='ocrx_word' id='word_1_112' title='bbox 1178 2033 1209 2086; x_wconf 89' lang='lat' dir='ltr'>et</span> 
     </span>
     <span class='ocr_line' id='line_1_19' title="bbox 327 2105 1000 2172; baseline 0.006 -4"><span class='ocrx_word' id='word_1_113' title='bbox 327 2105 366 2168; x_wconf 88' lang='lat' dir='ltr'>de</span> <span class='ocrx_word' id='word_1_114' title='bbox 387 2114 494 2168; x_wconf 84' lang='lat' dir='ltr'>ventre</span> <span class='ocrx_word' id='word_1_115' title='bbox 515 2115 618 2168; x_wconf 90' lang='lat' dir='ltr'>vestro</span> <span class='ocrx_word' id='word_1_116' title='bbox 641 2109 782 2169; x_wconf 82' lang='lat' dir='ltr'>extrahet</span> <span class='ocrx_word' id='word_1_117' title='bbox 801 2109 886 2169; x_wconf 90' lang='lat' dir='ltr'>illam</span> <span class='ocrx_word' id='word_1_118' title='bbox 907 2107 1000 2172; x_wconf 84' lang='lat' dir='ltr'>Deus.</span> 
     </span>
    </p>

    <p class='ocr_par' dir='ltr' id='par_1_6' title="bbox 327 2188 1207 2522">
     <span class='ocr_line' id='line_1_20' title="bbox 327 2188 1207 2272; baseline 0.003 -23"><span class='ocrx_word' id='word_1_119' title='bbox 327 2188 363 2271; x_wconf 85' lang='lat' dir='ltr'>o)</span> <span class='ocrx_word' id='word_1_120' title='bbox 387 2189 429 2250; x_wconf 86' lang='lat' dir='ltr'>At</span> <span class='ocrx_word' id='word_1_121' title='bbox 451 2209 530 2270; x_wconf 84' lang='lat' dir='ltr'>quae</span> <span class='ocrx_word' id='word_1_122' title='bbox 564 2209 633 2252; x_wconf 89' lang='lat' dir='ltr'>esse</span> <span class='ocrx_word' id='word_1_123' title='bbox 660 2197 764 2272; x_wconf 91' lang='lat' dir='ltr'>potest</span> <span class='ocrx_word' id='word_1_124' title='bbox 790 2193 900 2252; x_wconf 85' lang='lat' dir='ltr'>caritas</span> <span class='ocrx_word' id='word_1_125' title='bbox 934 2193 964 2252; x_wconf 96' lang='lat' dir='ltr'>in</span> <span class='ocrx_word' id='word_1_126' title='bbox 988 2193 1041 2252; x_wconf 88' lang='lat' dir='ltr'>tali</span> <span class='ocrx_word' id='word_1_127' title='bbox 1064 2199 1207 2271; x_wconf 87' lang='lat' dir='ltr'>tyranno,</span> 
     </span>
     <span class='ocr_line' id='line_1_21' title="bbox 328 2273 1205 2353; baseline 0.001 -21"><span class='ocrx_word' id='word_1_128' title='bbox 328 2279 390 2333; x_wconf 88' lang='lat' dir='ltr'>tarn</span> <span class='ocrx_word' id='word_1_129' title='bbox 411 2273 619 2334; x_wconf 85' lang='lat' dir='ltr'>fraudulenter</span> <span class='ocrx_word' id='word_1_130' title='bbox 639 2287 671 2335; x_wconf 91' lang='lat' dir='ltr'>et</span> <span class='ocrx_word' id='word_1_131' title='bbox 687 2273 826 2353; x_wconf 88' lang='lat' dir='ltr'>subdole,</span> <span class='ocrx_word' id='word_1_132' title='bbox 849 2282 911 2335; x_wconf 89' lang='lat' dir='ltr'>tam</span> <span class='ocrx_word' id='word_1_133' title='bbox 926 2275 1077 2336; x_wconf 91' lang='lat' dir='ltr'>violenter</span> <span class='ocrx_word' id='word_1_134' title='bbox 1099 2281 1131 2334; x_wconf 88' lang='lat' dir='ltr'>et</span> <span class='ocrx_word' id='word_1_135' title='bbox 1152 2277 1205 2334; x_wconf 89' lang='lat' dir='ltr'>irn-</span> 
     </span>
     <span class='ocr_line' id='line_1_22' title="bbox 328 2356 1207 2438; baseline 0.002 -22"><span class='ocrx_word' id='word_1_136' title='bbox 328 2356 426 2435; x_wconf 89' lang='lat' dir='ltr'>probe</span> <span class='ocrx_word' id='word_1_137' title='bbox 448 2357 610 2436; x_wconf 88' lang='lat' dir='ltr'>pecuniam</span> <span class='ocrx_word' id='word_1_138' title='bbox 633 2358 672 2418; x_wconf 88' lang='lat' dir='ltr'>ab</span> <span class='ocrx_word' id='word_1_139' title='bbox 706 2359 813 2419; x_wconf 88' lang='lat' dir='ltr'>amicis</span> <span class='ocrx_word' id='word_1_140' title='bbox 837 2359 998 2438; x_wconf 84' lang='lat' dir='ltr'>exigente,</span> <span class='ocrx_word' id='word_1_141' title='bbox 1030 2357 1207 2437; x_wconf 81' lang='lat' dir='ltr'>suffurante,</span> 
     </span>
     <span class='ocr_line' id='line_1_23' title="bbox 329 2439 984 2522; baseline 0.011 -24"><span class='ocrx_word' id='word_1_142' title='bbox 329 2439 515 2520; x_wconf 89' lang='lat' dir='ltr'>emulgente,</span> <span class='ocrx_word' id='word_1_143' title='bbox 537 2446 750 2521; x_wconf 88' lang='lat' dir='ltr'>extorquente,</span> <span class='ocrx_word' id='word_1_144' title='bbox 771 2447 804 2501; x_wconf 90' lang='lat' dir='ltr'>et</span> <span class='ocrx_word' id='word_1_145' title='bbox 825 2443 984 2522; x_wconf 88' lang='lat' dir='ltr'>eripiente.</span> 
     </span>
    </p>

    <p class='ocr_par' dir='ltr' id='par_1_7' title="bbox 328 2517 1208 2834">
     <span class='ocr_line' id='line_1_24' title="bbox 329 2517 1208 2604; baseline 0.001 -22"><span class='ocrx_word' id='word_1_146' title='bbox 329 2519 366 2604; x_wconf 86' lang='lat' dir='ltr'>d)</span> <span class='ocrx_word' id='word_1_147' title='bbox 391 2523 417 2582; x_wconf 87' lang='lat' dir='ltr'>A</span> <span class='ocrx_word' id='word_1_148' title='bbox 440 2522 555 2584; x_wconf 86' lang='lat' dir='ltr'>collato</span> <span class='ocrx_word' id='word_1_149' title='bbox 589 2523 663 2583; x_wconf 92' lang='lat' dir='ltr'>olim</span> <span class='ocrx_word' id='word_1_150' title='bbox 685 2522 836 2585; x_wconf 88' lang='lat' dir='ltr'>beneficio</span> <span class='ocrx_word' id='word_1_151' title='bbox 859 2517 1056 2586; x_wconf 80' lang='lat' dir='ltr'>commendat</span> <span class='ocrx_word' id='word_1_152' title='bbox 1077 2543 1111 2584; x_wconf 89' lang='lat' dir='ltr'>se</span> <span class='ocrx_word' id='word_1_153' title='bbox 1133 2523 1208 2586; x_wconf 87' lang='lat' dir='ltr'>Ger·</span> 
     </span>
     <span class='ocr_line' id='line_1_25' title="bbox 328 2606 1208 2686; baseline 0.006 -20"><span class='ocrx_word' id='word_1_154' title='bbox 328 2607 437 2680; x_wconf 90' lang='lat' dir='ltr'>manis,</span> <span class='ocrx_word' id='word_1_155' title='bbox 457 2613 566 2686; x_wconf 86' lang='lat' dir='ltr'>putans</span> <span class='ocrx_word' id='word_1_156' title='bbox 580 2606 692 2667; x_wconf 88' lang='lat' dir='ltr'>idcirco</span> <span class='ocrx_word' id='word_1_157' title='bbox 706 2606 821 2668; x_wconf 87' lang='lat' dir='ltr'>habere</span> <span class='ocrx_word' id='word_1_158' title='bbox 838 2608 999 2670; x_wconf 91' lang='lat' dir='ltr'>obnoxios.</span> <span class='ocrx_word' id='word_1_159' title='bbox 1024 2607 1208 2671; x_wconf 84' lang='lat' dir='ltr'>Ofraudem.</span> 
     </span>
     <span class='ocr_line' id='line_1_26' title="bbox 328 2686 1208 2831; baseline 0.003 -82"><span class='ocrx_word' id='word_1_160' title='bbox 328 2686 362 2831; x_wconf 61' lang='lat'>3)</span> <span class='ocrx_word' id='word_1_161' title='bbox 387 2688 446 2750; x_wconf 90' lang='lat' dir='ltr'>llla</span> <span class='ocrx_word' id='word_1_162' title='bbox 478 2692 558 2751; x_wconf 86' lang='lat' dir='ltr'>eninr</span> <span class='ocrx_word' id='word_1_163' title='bbox 588 2691 731 2751; x_wconf 82' lang='lat' dir='ltr'>transfert</span> <span class='ocrx_word' id='word_1_164' title='bbox 760 2691 856 2752; x_wconf 85' lang='lat' dir='ltr'>seculi</span> <span class='ocrx_word' id='word_1_165' title='bbox 884 2692 1028 2773; x_wconf 87' lang='lat' dir='ltr'>imperia,</span> <span class='ocrx_word' id='word_1_166' title='bbox 1059 2711 1120 2772; x_wconf 93' lang='lat' dir='ltr'>quo</span> <span class='ocrx_word' id='word_1_167' title='bbox 1142 2693 1208 2752; x_wconf 90' lang='lat' dir='ltr'>iure</span> 
     </span>
     <span class='ocr_line' id='line_1_27' title="bbox 348 2772 715 2834; baseline 0.003 -2"><span class='ocrx_word' id='word_1_168' title='bbox 348 2774 377 2832; x_wconf 89' lang='lat' dir='ltr'>io</span> <span class='ocrx_word' id='word_1_169' title='bbox 398 2773 508 2834; x_wconf 89' lang='lat' dir='ltr'>sodes!</span> <span class='ocrx_word' id='word_1_170' title='bbox 563 2772 569 2786; x_wconf 83' lang='lat'><strong>‘</strong></span> <span class='ocrx_word' id='word_1_171' title='bbox 713 2830 715 2833; x_wconf 84' lang='lat'>.</span> 
     </span>
    </p>

    <p class='ocr_par' dir='ltr' id='par_1_8' title="bbox 327 2855 1209 3002">
     <span class='ocr_line' id='line_1_28' title="bbox 327 2855 1209 2998; baseline 0.006 -83"><span class='ocrx_word' id='word_1_172' title='bbox 327 2856 361 2998; x_wconf 50' lang='lat' dir='ltr'>ip!</span> <span class='ocrx_word' id='word_1_173' title='bbox 379 2855 551 2937; x_wconf 87' lang='lat' dir='ltr'>Opportuni</span> <span class='ocrx_word' id='word_1_174' title='bbox 580 2856 763 2919; x_wconf 87' lang='lat' dir='ltr'>videbantur</span> <span class='ocrx_word' id='word_1_175' title='bbox 791 2860 889 2936; x_wconf 89' lang='lat' dir='ltr'>enim,</span> <span class='ocrx_word' id='word_1_176' title='bbox 923 2877 1001 2939; x_wconf 91' lang='lat' dir='ltr'>quos</span> <span class='ocrx_word' id='word_1_177' title='bbox 1024 2859 1209 2920; x_wconf 70' lang='lat' dir='ltr'>instituerent</span> 
     </span>
     <span class='ocr_line' id='line_1_29' title="bbox 328 2959 381 3002; baseline 0.094 -6"><span class='ocrx_word' id='word_1_178' title='bbox 328 2959 337 2997; x_wconf 89' lang='lat'>1</span> <span class='ocrx_word' id='word_1_179' title='bbox 362 2959 381 3002; x_wconf 89' lang='lat'>1.</span> 
     </span>
    </p>

    <p class='ocr_par' dir='ltr' id='par_1_9' title="bbox 326 3021 1206 3334">
     <span class='ocr_line' id='line_1_30' title="bbox 328 3021 1206 3106; baseline 0.005 -24"><span class='ocrx_word' id='word_1_180' title='bbox 328 3031 365 3102; x_wconf 86' lang='lat' dir='ltr'>g)</span> <span class='ocrx_word' id='word_1_181' title='bbox 391 3021 437 3082; x_wconf 86' lang='lat' dir='ltr'>Tu</span> <span class='ocrx_word' id='word_1_182' title='bbox 447 3041 522 3083; x_wconf 89' lang='lat' dir='ltr'>vero</span> <span class='ocrx_word' id='word_1_183' title='bbox 537 3022 609 3101; x_wconf 89' lang='lat' dir='ltr'>quid</span> <span class='ocrx_word' id='word_1_184' title='bbox 620 3022 686 3102; x_wconf 85' lang='lat' dir='ltr'>agis</span> <span class='ocrx_word' id='word_1_185' title='bbox 702 3022 834 3106; x_wconf 84' lang='lat' dir='ltr'>interim,</span> <span class='ocrx_word' id='word_1_186' title='bbox 858 3025 957 3085; x_wconf 85' lang='lat' dir='ltr'>otiose</span> <span class='ocrx_word' id='word_1_187' title='bbox 971 3024 1088 3103; x_wconf 88' lang='lat' dir='ltr'>Pastor,</span> <span class='ocrx_word' id='word_1_188' title='bbox 1112 3043 1206 3104; x_wconf 86' lang='lat' dir='ltr'>quan·</span> 
     </span>
     <span class='ocr_line' id='line_1_31' title="bbox 327 3104 1206 3188; baseline 0.002 -23"><span class='ocrx_word' id='word_1_189' title='bbox 327 3105 366 3165; x_wconf 93' lang='lat' dir='ltr'>do</span> <span class='ocrx_word' id='word_1_190' title='bbox 389 3104 469 3168; x_wconf 89' lang='lat' dir='ltr'>alios</span> <span class='ocrx_word' id='word_1_191' title='bbox 491 3105 686 3167; x_wconf 88' lang='lat' dir='ltr'>defendendo</span> <span class='ocrx_word' id='word_1_192' title='bbox 715 3109 803 3188; x_wconf 85' lang='lat' dir='ltr'>gregi</span> <span class='ocrx_word' id='word_1_193' title='bbox 824 3107 1003 3170; x_wconf 86' lang='lat' dir='ltr'>substituis?</span> <span class='ocrx_word' id='word_1_194' title='bbox 1031 3108 1094 3170; x_wconf 86' lang='lat' dir='ltr'>Aut</span> <span class='ocrx_word' id='word_1_195' title='bbox 1114 3109 1206 3170; x_wconf 86' lang='lat' dir='ltr'>armis</span> 
     </span>
     <span class='ocr_line' id='line_1_32' title="bbox 328 3188 1206 3272; baseline 0.002 -23"><span class='ocrx_word' id='word_1_196' title='bbox 328 3188 469 3267; x_wconf 86' lang='lat' dir='ltr'>ecelesia,</span> <span class='ocrx_word' id='word_1_197' title='bbox 492 3209 554 3250; x_wconf 93' lang='lat' dir='ltr'>uon</span> <span class='ocrx_word' id='word_1_198' title='bbox 577 3190 700 3270; x_wconf 89' lang='lat' dir='ltr'>optimis</span> <span class='ocrx_word' id='word_1_199' title='bbox 718 3193 801 3252; x_wconf 83' lang='lat' dir='ltr'>vitae</span> <span class='ocrx_word' id='word_1_200' title='bbox 811 3191 961 3272; x_wconf 85' lang='lat' dir='ltr'>exemplis</span> <span class='ocrx_word' id='word_1_201' title='bbox 985 3199 1016 3252; x_wconf 92' lang='lat' dir='ltr'>et</span> <span class='ocrx_word' id='word_1_202' title='bbox 1036 3211 1113 3254; x_wconf 84' lang='lat' dir='ltr'>sana</span> <span class='ocrx_word' id='word_1_203' title='bbox 1135 3191 1206 3252; x_wconf 86' lang='lat' dir='ltr'>doc·</span> 
     </span>
     <span class='ocr_line' id='line_1_33' title="bbox 326 3272 619 3334; baseline 0.003 -2"><span class='ocrx_word' id='word_1_204' title='bbox 326 3272 405 3332; x_wconf 87' lang='lat' dir='ltr'>trina</span> <span class='ocrx_word' id='word_1_205' title='bbox 426 3272 619 3334; x_wconf 78' lang='lat' dir='ltr'>defenditur?</span> 
     </span>
    </p>

    <p class='ocr_par' dir='ltr' id='par_1_10' title="bbox 326 3354 1229 3602">
     <span class='ocr_line' id='line_1_34' title="bbox 326 3354 1206 3440; baseline 0.006 -26"><span class='ocrx_word' id='word_1_206' title='bbox 326 3355 363 3432; x_wconf 91' lang='lat' dir='ltr'>h)</span> <span class='ocrx_word' id='word_1_207' title='bbox 387 3354 510 3416; x_wconf 88' lang='lat' dir='ltr'>Utinam</span> <span class='ocrx_word' id='word_1_208' title='bbox 533 3357 677 3435; x_wconf 86' lang='lat' dir='ltr'>fuissent,</span> <span class='ocrx_word' id='word_1_209' title='bbox 713 3364 742 3419; x_wconf 93' lang='lat' dir='ltr'>te</span> <span class='ocrx_word' id='word_1_210' title='bbox 771 3359 853 3419; x_wconf 89' lang='lat' dir='ltr'>euim</span> <span class='ocrx_word' id='word_1_211' title='bbox 877 3357 927 3418; x_wconf 93' lang='lat' dir='ltr'>diu</span> <span class='ocrx_word' id='word_1_212' title='bbox 950 3360 1011 3419; x_wconf 88' lang='lat' dir='ltr'>ism</span> <span class='ocrx_word' id='word_1_213' title='bbox 1035 3376 1206 3440; x_wconf 86' lang='lat' dir='ltr'>expugnas·</span> 
     </span>
     <span class='ocr_line' id='line_1_35' title="bbox 326 3437 1206 3524; baseline 0.003 -27"><span class='ocrx_word' id='word_1_214' title='bbox 326 3447 403 3499; x_wconf 86' lang='lat' dir='ltr'>sent.</span> <span class='ocrx_word' id='word_1_215' title='bbox 448 3437 508 3500; x_wconf 81' lang='lat' dir='ltr'>Sed</span> <span class='ocrx_word' id='word_1_216' title='bbox 533 3439 680 3500; x_wconf 80' lang='lat' dir='ltr'>maleficis</span> <span class='ocrx_word' id='word_1_217' title='bbox 718 3447 839 3502; x_wconf 88' lang='lat' dir='ltr'>tuoruru</span> <span class='ocrx_word' id='word_1_218' title='bbox 861 3442 1010 3502; x_wconf 86' lang='lat' dir='ltr'>Maiorum</span> <span class='ocrx_word' id='word_1_219' title='bbox 1033 3442 1206 3524; x_wconf 83' lang='lat' dir='ltr'>praestigiis</span> 
     </span>
     <span class='ocr_line' id='line_1_36' title="bbox 326 3522 1229 3602; baseline -0.002 -20"><span class='ocrx_word' id='word_1_220' title='bbox 326 3523 472 3602; x_wconf 89' lang='lat' dir='ltr'>contigit,</span> <span class='ocrx_word' id='word_1_221' title='bbox 499 3530 533 3583; x_wconf 93' lang='lat' dir='ltr'>ut</span> <span class='ocrx_word' id='word_1_222' title='bbox 553 3522 592 3582; x_wconf 91' lang='lat' dir='ltr'>ad</span> <span class='ocrx_word' id='word_1_223' title='bbox 614 3525 720 3584; x_wconf 86' lang='lat' dir='ltr'>inanes</span> <span class='ocrx_word' id='word_1_224' title='bbox 743 3525 862 3586; x_wconf 82' lang='lat' dir='ltr'>tabulas</span> <span class='ocrx_word' id='word_1_225' title='bbox 885 3525 1025 3586; x_wconf 87' lang='lat' dir='ltr'>diversae</span> <span class='ocrx_word' id='word_1_226' title='bbox 1047 3526 1229 3586; x_wconf 89' lang='lat' dir='ltr'>hominurn.</span> 
     </span>
    </p>
   </div>
   <div class='ocr_carea' id='block_1_5' title="bbox 325 3605 1321 3687">
    <p class='ocr_par' dir='ltr' id='par_1_11' title="bbox 325 3605 1321 3687">
     <span class='ocr_line' id='line_1_37' title="bbox 325 3605 1321 3687; baseline 0.003 -22"><span class='ocrx_word' id='word_1_227' title='bbox 325 3612 445 3666; x_wconf 89' lang='lat' dir='ltr'>mentes</span> <span class='ocrx_word' id='word_1_228' title='bbox 467 3625 571 3666; x_wconf 89' lang='lat' dir='ltr'>verum</span> <span class='ocrx_word' id='word_1_229' title='bbox 606 3605 788 3687; x_wconf 86' lang='lat' dir='ltr'>dignoscere</span> <span class='ocrx_word' id='word_1_230' title='bbox 826 3610 1028 3687; x_wconf 86' lang='lat' dir='ltr'>nequiverint.</span> <span class='ocrx_word' id='word_1_231' title='bbox 1072 3607 1140 3682; x_wconf 79' lang='lat' dir='ltr'>Quo</span> <span class='ocrx_word' id='word_1_232' title='bbox 1163 3627 1208 3668; x_wconf 87' lang='lat' dir='ltr'>re·</span> <span class='ocrx_word' id='word_1_233' title='bbox 1319 3655 1321 3658; x_wconf 85' lang='lat'>.</span> 
     </span>
    </p>
   </div>
   <div class='ocr_carea' id='block_1_6' title="bbox 324 3689 1208 3920">
    <p class='ocr_par' dir='ltr' id='par_1_12' title="bbox 324 3689 1208 3920">
     <span class='ocr_line' id='line_1_38' title="bbox 326 3689 1207 3770; baseline 0.002 -22"><span class='ocrx_word' id='word_1_234' title='bbox 326 3690 447 3769; x_wconf 85' lang='lat' dir='ltr'>spicere</span> <span class='ocrx_word' id='word_1_235' title='bbox 470 3689 593 3750; x_wconf 90' lang='lat' dir='ltr'>tandem</span> <span class='ocrx_word' id='word_1_236' title='bbox 618 3689 755 3751; x_wconf 82' lang='lat' dir='ltr'>christus</span> <span class='ocrx_word' id='word_1_237' title='bbox 778 3690 913 3770; x_wconf 72' lang='lat' dir='ltr'>videtur,</span> <span class='ocrx_word' id='word_1_238' title='bbox 949 3693 1071 3770; x_wconf 89' lang='lat' dir='ltr'>isrnque</span> <span class='ocrx_word' id='word_1_239' title='bbox 1105 3692 1207 3750; x_wconf 86' lang='lat' dir='ltr'>statim</span> 
     </span>
     <span class='ocr_line' id='line_1_39' title="bbox 324 3772 1208 3850; baseline 0.003 -19"><span class='ocrx_word' id='word_1_240' title='bbox 324 3772 402 3832; x_wconf 86' lang='lat' dir='ltr'>forte</span> <span class='ocrx_word' id='word_1_241' title='bbox 425 3772 594 3833; x_wconf 89' lang='lat' dir='ltr'>secuudum</span> <span class='ocrx_word' id='word_1_242' title='bbox 619 3774 700 3832; x_wconf 83' lang='lat' dir='ltr'>viam</span> <span class='ocrx_word' id='word_1_243' title='bbox 726 3781 858 3834; x_wconf 84' lang='lat' dir='ltr'>vestram</span> <span class='ocrx_word' id='word_1_244' title='bbox 877 3775 973 3850; x_wconf 65' lang='lat' dir='ltr'>faciet</span> <span class='ocrx_word' id='word_1_245' title='bbox 988 3774 1086 3850; x_wconf 90' lang='lat' dir='ltr'>vobis,</span> <span class='ocrx_word' id='word_1_246' title='bbox 1110 3780 1140 3834; x_wconf 90' lang='lat' dir='ltr'>et</span> <span class='ocrx_word' id='word_1_247' title='bbox 1162 3793 1208 3833; x_wconf 89' lang='lat' dir='ltr'>se·</span> 
     </span>
     <span class='ocr_line' id='line_1_40' title="bbox 325 3855 970 3920; baseline 0.006 -4"><span class='ocrx_word' id='word_1_248' title='bbox 325 3856 458 3916; x_wconf 87' lang='lat' dir='ltr'>eundum</span> <span class='ocrx_word' id='word_1_249' title='bbox 481 3855 593 3916; x_wconf 87' lang='lat' dir='ltr'>iudicia</span> <span class='ocrx_word' id='word_1_250' title='bbox 614 3863 716 3918; x_wconf 84' lang='lat' dir='ltr'>vestra</span> <span class='ocrx_word' id='word_1_251' title='bbox 735 3856 884 3920; x_wconf 86' lang='lat' dir='ltr'>iudicabit</span> <span class='ocrx_word' id='word_1_252' title='bbox 903 3876 970 3920; x_wconf 81' lang='lat' dir='ltr'>vos</span> 
     </span>
    </p>
   </div>
   <div class='ocr_carea' id='block_1_7' title="bbox 286 3975 1199 4117">
    <p class='ocr_par' dir='ltr' id='par_1_13' title="bbox 286 3975 1199 4117">
     <span class='ocr_line' id='line_1_41' title="bbox 303 3975 1199 4096; baseline 0.001 -68"><span class='ocrx_word' id='word_1_253' title='bbox 303 4045 319 4096; x_wconf 71' lang='lat' dir='ltr'>d</span> <span class='ocrx_word' id='word_1_254' title='bbox 354 3979 385 4042; x_wconf 91' lang='lat'>1)</span> <span class='ocrx_word' id='word_1_255' title='bbox 414 3978 489 4030; x_wconf 87' lang='lat' dir='ltr'>liano</span> <span class='ocrx_word' id='word_1_256' title='bbox 508 3982 604 4032; x_wconf 87' lang='lat' dir='ltr'>notam</span> <span class='ocrx_word' id='word_1_257' title='bbox 622 3976 766 4030; x_wconf 85' lang='lat' dir='ltr'>Miinchius</span> <span class='ocrx_word' id='word_1_258' title='bbox 798 3981 844 4032; x_wconf 84' lang='lat' dir='ltr'>fini</span> <span class='ocrx_word' id='word_1_259' title='bbox 868 3975 1053 4032; x_wconf 86' lang='lat' dir='ltr'>antecedentis</span> <span class='ocrx_word' id='word_1_260' title='bbox 1074 3979 1199 4029; x_wconf 85' lang='lat' dir='ltr'>enuntiat</span> 
     </span>
     <span class='ocr_line' id='line_1_42' title="bbox 286 4050 436 4117; baseline 0.033 -21"><span class='ocrx_word' id='word_1_261' title='bbox 286 4050 436 4117; x_wconf 89' lang='lat' dir='ltr'>ascripsit.</span> 
     </span>
    </p>
   </div>
   <div class='ocr_carea' id='block_1_8' title="bbox 0 0 1584 4792">
    <p class='ocr_par' dir='ltr' id='par_1_14' title="bbox 0 0 1584 4792">
     <span class='ocr_line' id='line_1_43' title="bbox 0 0 1584 4792; baseline 0 1"><span class='ocrx_word' id='word_1_262' title='bbox 0 0 1584 4792; x_wconf 95' lang='lat' dir='ltr'> </span> 
     </span>
    </p>
   </div>
  </div>
 </body>
</html>
