3159 4792
499 512 556 567 -ad
574 514 631 570 lob.
650 513 763 568 Esaiam
780 514 947 583 Responsio.
1042 526 1061 565 ι
1112 472 1117 482 ·
1150 508 1190 576 65

272 702 343 764 cleri
366 700 579 780 abominatur,
600 673 762 763 simoniam
784 710 815 763 et
837 703 996 779 Romanae
1017 702 1192 783 rapacitatis

272 787 458 866 imposturas
479 792 661 865 ceterasque
684 794 787 866 pestes
809 786 988 867 proscindit.

355 868 432 945 Quis
464 869 523 928 nisi
560 875 664 929 mente
702 875 803 929 motus
841 870 1192 950 malignissimorumque
1303 900 1310 929 t

273 970 393 1013 morum
426 952 549 1013 furcifer
584 958 685 1012 tantas
707 952 824 1013 aboleri
845 958 950 1033 pestes
972 972 1034 1013 non
1057 952 1192 1032 optarit?

275 1034 348 1109 Quis
371 1034 562 1096 Christianus
585 1054 711 1116 regnum
737 1036 848 1097 Christi
869 1036 957 1114 nolit,
979 1035 1063 1116 quod
1084 1036 1190 1095 immu-

274 1125 331 1196 tet,
364 1119 495 1179 innovet
515 1124 547 1179 st
568 1118 712 1179 emendat
733 1120 857 1180 omnia?
892 1118 966 1194 Quis
991 1126 1115 1180 nostrae
1136 1119 1192 1179 im·
1251 1174 1254 1184 .

273 1202 403 1282 peritiae
425 1201 650 1283 sugillationem
664 1202 831 1262 abhorrens
854 1221 916 1264 non
939 1201 1031 1263 habet
1050 1204 1081 1262 iu
1103 1202 1193 1281 votis,

274 1293 305 1344 ut
324 1283 498 1365 profligatis
521 1284 690 1363 sterilibus,
719 1284 891 1346 infelicibus
922 1292 953 1346 et
984 1284 1193 1367 ingeniperdis

273 1368 470 1428 restituantur
488 1367 684 1448 secundiora,
708 1368 862 1447 beatiora,
885 1370 1101 1448 sanctioraque
1128 1368 1193 1429 lite·
1295 1433 1306 1449 ι

273 1470 373 1511 ramni
396 1450 520 1511 studia?
547 1443 671 1512 Utinam
693 1458 795 1512 autem
820 1458 852 1511 ut
873 1450 1073 1512 reflorescere
1096 1452 1192 1512 bonas

273 1542 370 1612 artes,
393 1535 437 1594 ita
458 1543 489 1594 et
509 1553 612 1595 mores
637 1534 735 1595 redire
756 1534 932 1613 videamus,
954 1535 984 1595 id
1008 1532 1092 1615 quod
1116 1535 1194 1594 hiar-

273 1618 326 1677 tini
366 1623 416 1676 est
441 1616 583 1678 studium.
625 1617 672 1677 'l'u
703 1635 779 1677 vero
814 1618 991 1698 magistrum
1024 1619 1194 1677 honestatis

273 1702 451 1781 impugnas,
480 1706 511 1761 et
532 1700 614 1780 quod
636 1700 677 1761 ad
698 1701 800 1761 literas
821 1702 969 1781 pertinet,
998 1720 1097 1761 novos
1121 1719 1193 1759 con·

274 1783 410 1844 sarsinas
444 1785 697 1859 commentarios,
742 1782 781 1843 ad
819 1782 1194 1865 perdendasgenerosas

273 1866 510 1929 adolescentum
529 1866 666 1944 indoles,
703 1868 790 1947 quasi
820 1868 882 1927 iam
914 1886 977 1929 non
1009 1873 1081 1927 ante
1104 1867 1192 1947 nugis

274 1950 369 2010 simus
391 1948 541 2011 adobruti.
1011 2016 1014 2024 ‚

355 2032 452 2093 Porro
481 2034 591 2100 minori
619 2034 755 2113 periculo
785 2034 953 2095 intentatur
979 2034 1057 2094 haec
1078 2050 1192 2095 novan-

275 2114 380 2177 darum
403 2134 502 2177 rerum
527 2114 687 2197 cupiditas,
709 2136 800 2196 quam
824 2114 983 2179 verbosius
997 2124 1193 2197 expurgetur,

275 2196 328 2259 sed
360 2200 387 2259 si
422 2200 546 2260 omniuo
579 2199 611 2259 id
641 2201 672 2259 in
695 2199 785 2261 nobis
819 2199 1029 2277 damnabitur,
1064 2200 1195 2279 posthac

275 2282 414 2343 fortassis
453 2300 516 2343 non
544 2300 762 2363 usquequaque
788 2283 914 2346 indocte
942 2283 1126 2344 satisfacturi
1147 2302 1194 2343 su-

275 2383 350 2425 mus.
394 2364 527 2427 Accedit
544 2364 584 2425 ad
614 2366 694 2427 haec
716 2385 875 2433 causarum
897 2368 1079 2448 praecipua:
1123 2366 1194 2426 Pius

276 2467 384 2529 magus
413 2456 461 2509 est
481 2446 649 2528 Lutherus,
683 2449 826 2512 indoctos
859 2452 956 2513 nostri
984 2451 1105 2532 generis
1136 2448 1194 2510 sibi

273 2531 394 2611 philtris
412 2530 555 2610 devincit,
577 2532 693 2611 alioqui
706 2530 791 2603 nulla
804 2536 883 2595 ratio
905 2534 988 2614 capit
1004 2540 1066 2594 tarn
1088 2552 1193 2595 crasso

275 2616 378 2695 eapite
407 2614 505 2694 viros,
537 2616 596 2675 nisi
626 2617 817 2694 incantatos,
853 2618 988 2698 gratiam
1004 2637 1073 2678 cum
1101 2618 1195 2677 Musis

272 2699 423 2775 inituros,
456 2696 614 2760 mirificum
636 2699 852 2779 pharmacum,
886 2701 970 2781 quod
997 2702 1048 2781 qui
1078 2703 1194 2777 miscet,

271 2782 373 2843 altero
397 2780 472 2842 orbe
493 2801 593 2862 paene
616 2782 754 2844 dissitum
776 2784 916 2845 inebriat.

357 2863 402 2925 At
423 2882 481 2925 nos
504 2870 604 2927 terrae
635 2864 688 2926 tilii
710 2869 844 2947 apertius
866 2868 1041 2947 loquamur,
1080 2875 1112 2928 et
1132 2886 1195 2930 sca-

271 2948 368 3029 pham
390 2948 553 3028 scapham,
585 2968 762 3029 serramque
788 2970 903 3011 serram
926 2970 1040 3013 vocare
1063 2957 1194 3029 oportet.

270 3030 432 3094 Germana
451 3032 564 3093 veritas
586 3039 618 3093 et
636 3033 786 3093 inviolata
806 3033 913 3110 virtus,
936 3052 1015 3112 quae
1037 3032 1120 3092 Deos
1141 3033 1195 3091 ho·

272 3117 435 3195 minasque
466 3115 497 3175 in
527 3135 665 3177 amorem
699 3116 746 3175 sui
771 3114 917 3196 pellicere
939 3121 1071 3197 queunt,
1108 3116 1196 3195 ipsae

270 3198 448 3279 ipsissimas
469 3205 554 3277 sunt,
586 3218 667 3278 quae
696 3218 754 3260 nos
782 3200 853 3260 huic
875 3198 1060 3261 devinciunt.
1105 3197 1195 3257 Vide-

272 3302 341 3344 mur
374 3300 456 3341 nunc
482 3280 570 3342 nobis
592 3282 715 3361 videre,
754 3283 828 3363 quid
862 3283 902 3345 ad
935 3284 1014 3345 haec
1045 3281 1197 3343 modestia

271 3362 428 3443 Enniana,
449 3384 542 3445 quam
562 3366 657 3427 iactet
677 3386 804 3443 manus,
825 3368 950 3443 oculos,
973 3372 1081 3447 caput,
1105 3384 1194 3445 quam

273 3449 415 3510 manibus
432 3447 624 3529 pedibusque
646 3456 844 3529 contestetur,
866 3450 942 3511 nihil
964 3470 1097 3530 unquam
1121 3468 1194 3509 veru

271 3531 444 3593 absimilius
466 3531 590 3596 dictum.
633 3532 675 3592 At
697 3534 744 3594 sui
766 3550 868 3594 mores
895 3533 1015 3594 sinendi
1045 3540 1115 3593 sunt
1141 3533 1196 3592 ho·

271 3617 358 3695 mini,
379 3627 459 3695 quos
478 3621 600 3696 praeter
621 3622 752 3677 mortem
774 3617 818 3677 illi
839 3617 955 3678 adimet
978 3635 1079 3679 nemo.

355 3698 422 3760 Nos
443 3700 616 3761 institutum
639 3707 777 3761 nostrum
806 3700 987 3763 certioribus
1010 3700 1197 3779 argumentis

270 3800 366 3861 quam
399 3783 630 3843 asseveratione
657 3783 725 3843 sola
754 3798 981 3863 persequemur.
1024 3782 1086 3843 Diu
1108 3782 1198 3863 pleri·

272 3882 336 3945 que
357 3871 498 3927 nostrum
517 3864 741 3943 nesciebamus,
762 3876 869 3927 aterne
891 3886 929 3927 an
945 3864 1092 3927 candidus
1115 3873 1199 3925 esset

269 3947 440 4028 Lutberus,
467 3948 523 4010 sed
548 3955 579 4009 et
600 3947 723 4010 Lutheri
743 3968 858 4011 nomen
881 3951 974 4031 plane
995 3950 1195 4029 incognitum.

270 4033 358 4094 Ante
377 4051 495 4114 paucos
523 4040 627 4094 autem
653 4052 752 4093 annos
780 4032 1083 4097 declamatiunculae
1105 4051 1195 4112 quse·

297 4151 393 4191 masa
407 4162 459 4201 opp.
473 4152 500 4194 v.
513 4152 542 4193 Α.
556 4152 586 4192 ια
598 4152 640 4193 rer.
655 4152 708 4193 aaa
723 4148 776 4203 ap.
790 4154 841 4194 vor.
854 4152 893 4193 1v.
1034 4133 1053 4197 5
