3159 4792
534 536 537 546 ·
582 518 617 575 ds
634 522 749 591 negato
765 520 889 577 unum·
1151 514 1192 585 71

289 703 408 784 Spiritus
428 705 714 783 sanctlilluninat,
748 707 862 786 pariter
892 712 924 766 et
958 706 1119 768 confortat.
1163 705 1193 769 Si

290 787 393 849 videris
414 790 583 849 calumnias
606 806 773 870 egenorum
796 795 828 850 et
848 786 987 849 violenta
1006 788 1134 866 iudicia,
1165 794 1195 849 et

290 870 414 932 subverti
435 873 581 933 iustitiam
602 873 633 931 in
646 872 820 950 Provincia,
842 892 905 933 non
929 873 1045 933 mireris
1059 872 1192 951 (inquit)

290 973 371 1035 super
390 955 451 1017 hoc
472 957 610 1037 negotio,
634 957 706 1035 quia
728 955 854 1017 excelso
872 955 1026 1016 excelsior
1039 962 1087 1016 est
1108 955 1196 1033 alius,

233 1035 237 1043 “
290 1044 316 1097 et
334 1057 423 1117 super
443 1039 500 1098 hos
523 1056 645 1118 quoque
667 1040 884 1100 eminentiores
908 1045 979 1099 sunt
1000 1038 1066 1115 alii,
1100 1046 1132 1099 et
1152 1040 1195 1099 in·

290 1139 371 1200 super
390 1124 552 1182 universae
574 1128 674 1182 terrae
686 1123 754 1183 Rex
774 1125 906 1203 imperat
920 1122 1073 1196 servienti.
1096 1120 1195 1196 Quae·

289 1203 377 1264 rende
406 1211 480 1265 sunt
500 1206 636 1266 remedia
663 1206 736 1265 iuris
752 1203 804 1288 ¹),
832 1204 1026 1285 imploranda
1052 1204 1196 1286 suffragia
1232 1208 1236 1218 ‘

289 1286 470 1367 Sanctorum,
493 1295 524 1350 et
544 1288 694 1349 bonorum
716 1288 891 1366 hominurn,
920 1286 1018 1368 magis
1039 1307 1096 1369 pro
1119 1289 1195 1349 ueri-

287 1370 365 1449 tatis,
392 1390 483 1450 quam
504 1372 586 1432 vitae
609 1372 862 1451 conservatione,
895 1386 926 1432 et
961 1369 1032 1431 dum
1055 1378 1195 1432 neutrum

288 1452 388 1514 adesse
410 1456 553 1531 cernitur,
576 1454 770 1516 serviendum
790 1462 839 1516 est
858 1454 1022 1535 imperanti
1032 1455 1111 1535 Regi
1132 1456 1195 1515 uni·

287 1554 386 1596 versae
406 1544 518 1616 tarrae,
539 1536 730 1619 patiendum,
764 1538 957 1599 moriendum
979 1557 1035 1617 pro
1058 1539 1196 1616 veritate,

286 1618 535 1698 quemadmodum
558 1623 677 1682 veritati
689 1623 792 1701 potius
812 1642 903 1700 quarn
916 1621 1006 1682 nobis
1021 1620 1196 1682 vivendum.

359 1702 405 1764 Tu
427 1705 533 1783 igitur,
563 1704 773 1785 condiscipule
796 1704 922 1780 Christi,
945 1709 1080 1765 sectator
1106 1723 1197 1765 evan-

284 1785 394 1865 gelicae
415 1789 574 1865 veritatis,
613 1807 669 1850 ora
697 1806 837 1867 mecum,
874 1792 1026 1869 quatenus
1046 1786 1196 1848 Dominus

285 1875 385 1930 noster
403 1870 492 1930 Iesus
513 1870 650 1931 Christus
671 1889 706 1931 se
724 1872 794 1951 ipso
814 1870 904 1931 nobis
926 1870 1042 1945 luceat,
1064 1872 1116 1949 qui
1143 1870 1197 1930 lux

285 1952 459 2031 entmundi,
483 1954 610 2032 veritas,
632 1956 684 2014 via
705 1961 735 2013 et
756 1955 821 2014 vita
843 1952 1050 2027 credentium,
1074 1953 1196 2014 tribuat-

284 2053 338 2113 que
356 2055 392 2096 sc
411 2036 558 2096 humilem
580 2036 735 2097 humiliter
757 2055 919 2116 quaerere,
941 2034 1044 2099 sobrie
1077 2054 1196 2117 sapere,

285 2117 332 2177 scd
343 2120 501 2179 inventum
521 2121 769 2181 constantissime
783 2120 996 2199 intrepideque
1009 2119 1195 2201 praedicare.

359 2202 436 2263 Post
465 2202 599 2283 digneris
623 2203 775 2264 illustriss.
808 2204 994 2283 principem,
1031 2202 1197 2263 Dominum

284 2290 361 2344 tuum
393 2295 426 2345 et
454 2304 572 2364 meum,
604 2286 734 2363 bertari,
766 2303 806 2347 ne
837 2284 961 2347 deficiat
996 2284 1036 2347 ob
1059 2285 1197 2347 baudem

284 2366 415 2444 illorum,
444 2370 496 2449 qui
517 2370 690 2449 serpertina
709 2370 816 2450 lingua
843 2369 1008 2430 moliuntur
1038 2369 1197 2429 veritatem

285 2450 472 2513 subvertere:
506 2451 561 2513 sed
582 2472 683 2532 neque
706 2453 839 2533 rugitum
860 2451 972 2513 Leonis
1001 2456 1197 2531 expavescet.

284 2531 428 2615 Scriptum
451 2540 500 2595 est
520 2535 559 2596 de
579 2535 666 2614 ipso,
707 2537 755 2596 eui
776 2537 889 2597 veritas
912 2534 970 2596 Dei
992 2542 1110 2595 scutum
1134 2537 1196 2597 est:

284 2617 404 2697 Angelis
427 2619 491 2679 suis
513 2615 671 2680 mandavit
692 2618 731 2679 de
752 2625 802 2698 te,
835 2638 875 2679 ne
896 2616 976 2679 forte
998 2616 1136 2681 offendas
1158 2616 1198 2678 ad

284 2697 412 2778 lapident
434 2700 545 2781 pedem
569 2706 671 2781 tuum3
692 2721 784 2781 super
805 2701 944 2782 aspidem
967 2708 1000 2762 et
1022 2700 1197 2763 basiliscum

284 2782 466 2862 ambulabis,
495 2791 527 2843 et
559 2784 755 2846 conculcabis
794 2786 917 2846 leonem
959 2792 990 2845 et
1022 2784 1197 2845 draconem.

285 2862 443 2927 Abstineat
464 2868 661 2927 serenissima
680 2866 859 2929 Dominatio
892 2887 948 2929 sua
980 2888 999 2927 a
1030 2868 1108 2947 auis,
1142 2867 1199 2925 Lu·

286 2946 377 3027 thero,
399 2948 571 3030 Staupitio,
592 2949 647 3018 sed
670 2948 760 3021 stab
783 2946 905 3024 ordine,
937 2951 1073 3011 veritatis
1095 2970 1199 3009 manu-

285 3034 412 3094 tentioni
434 3030 584 3092 duntaxat
605 3031 755 3109 intendat,
777 3038 811 3092 ut
834 3034 946 3093 veritas
969 3032 1000 3093 in
1023 3032 1125 3091 lucem
1149 3052 1198 3091 ve·

285 3115 360 3194 niet,
394 3116 509 3195 fugatis
533 3114 666 3177 tenebris
694 3125 760 3175 sata
782 3120 834 3193 at⁷
865 3114 959 3176 modo
997 3133 1121 3176 securus
1160 3114 1199 3173 sit

285 3196 377 3278 locus,
400 3197 453 3260 ubi
475 3198 592 3278 absque
614 3205 698 3260 metu
719 3134 851 3259 cadente
871 3198 901 3259 in
936 3198 1033 3261 virum
1058 3202 1199 3260 constan·

286 3285 342 3343 tem
365 3281 461 3344 libere
482 3281 568 3361 loqui
588 3283 698 3361 possit.

361 3364 432 3445 ligo
470 3364 546 3425 novi
581 3370 731 3446 quantum
766 3364 884 3425 saeviat
918 3362 1124 3443 Babylonica,
1161 3383 1200 3423 ne

287 3444 410 3508 dixerim
432 3446 593 3524 Romana,
616 3449 711 3527 pestis
736 3448 768 3508 in
794 3466 865 3525 eos,
888 3448 938 3526 qui
961 3445 1104 3509 abusibus
1127 3466 1200 3507 ven·

287 3527 419 3591 dentium
448 3528 601 3597 Christum
641 3530 863 3592 contradicunt.
911 3529 982 3589 Vidi
1014 3530 1094 3590 enim
1129 3548 1201 3589 con-

286 3604 473 3678 cionatorem
495 3613 654 3674 verissima
676 3612 840 3675 docentem
863 3612 901 3675 de
915 3612 1035 3693 pulpito
1049 3609 1201 3672 violenter

287 3696 359 3777 rapi,
381 3702 412 3757 et
433 3694 508 3755 licet
527 3696 559 3756 in
581 3697 716 3774 maxima
737 3696 903 3757 festivitate
925 3714 1028 3755 coram
1041 3695 1125 3755 omni
1146 3715 1199 3777 po-

287 3778 355 3855 pulo
379 3798 435 3858 per
456 3776 588 3838 chordas
610 3779 688 3839 trahi
710 3780 885 3857 carcerique
905 3778 1080 3859 mancipari,
1124 3776 1200 3839 Sunt
1297 3808 1299 3812 ·

288 3863 335 3937 qui
358 3859 532 3921 crudeliora
553 3868 790 3942 conspexerunt.

355 4033 384 4103 1)
401 4031 475 4099 Alii:
493 4034 569 4086 viris.
