3159 4792
503 502 564 557 ,Ρῐθ
583 487 787 558 Laborantibus
806 492 833 548 ot
851 486 985 550 (lucratis.
1154 484 1216 557 103

288 675 385 743 asts?
418 673 543 741 Deinde
571 680 675 755 patrcs
705 675 829 755 quidem
852 676 1100 746 caruimostraa
1121 673 1217 745 crudi-

289 766 374 823 torcr
406 757 589 838 habuimus,
622 764 653 819 et
678 758 898 825 reverebamur
929 779 1017 836 sos,.
1036 778 1098 819 nou
1122 760 1219 829 multo

289 842 391 922 magia
414 842 493 921 pani
515 842 677 921 spirituum
698 840 994 922 obtemperabimus„
1009 849 1041 903 et
1059 842 1217 906 vivemus?

288 926 400 987 Omnis
435 933 538 993 autam
571 924 733 1004 disciplina
765 926 797 988 in
821 926 976 1005 praesenti
1009 924 1132 1004 quidem
1154 945 1220 994 non

289 1007 412 1073 videtur
444 1026 516 1072 esca
543 1006 664 1087 gaudii,
700 1007 754 1069 sad
778 1010 945 1081 moeroris,
978 1017 1087 1087 postea
1115 1015 1217 1074 nutam

288 1093 421 1156 fructum
451 1091 678 1171 pacatissimum
718 1092 893 1157 exercitatis
927 1111 1081 1171 peream
1110 1091 1218 1162 reddat

289 1176 434 1238 iustitiae.
478 1172 565 1237 Haec
584 1173 705 1237 Paulus.
802 1223 804 1230 .

373 1256 451 1332 Qnis
493 1276 554 1321 non
589 1264 736 1325 terreatur
764 1256 815 1328 this
843 1256 978 1318 Pauliuis
1014 1257 1130 1335 verbis,
1168 1258 1218 1323 ubi

291 1342 384 1421 plana
407 1339 533 1417 definit,
564 1359 626 1408 nou
649 1359 717 1411 esse
738 1339 820 1405 tilios
843 1340 915 1418 Dei,
946 1342 997 1419 qui
1019 1348 1108 1418 extra
1129 1340 1218 1409 discis

289 1424 406 1503 plicam
430 1423 489 1485 ner
509 1423 603 1486 sunt?
640 1422 714 1498 Quis
748 1443 822 1484 uano
846 1424 945 1502 possit
963 1422 1119 1491 robustius
1142 1443 1217 1488 con-

289 1506 420 1581 firmari,
453 1514 484 1567 et
517 1504 670 1568 efficacius
701 1506 876 1577 consolari,
912 1526 1003 1584 quam
1033 1508 1084 1585 qui
1114 1506 1219 1577 audiat

290 1610 346 1651 cos
377 1589 505 1669 diligisa
525 1588 677 1667 Domino,
711 1589 762 1667 qui
791 1590 994 1668 arrogantur,
1027 1609 1096 1652 esse
1126 1588 1217 1667 tilios,

290 1692 361 1733 essa
403 1672 539 1732 omnium
573 1671 754 1732 Sanctorum
794 1674 1010 1731 communione
1051 1672 1218 1751 praeditos,

291 1776 353 1835 non
378 1774 434 1815 eos
459 1774 527 1814 esse
544 1754 638 1832 solos,
663 1755 713 1833 qui
736 1754 915 1836 patiuntur?
937 1754 1037 1814 Etiam
1053 1755 1216 1825 amabilem

291 1838 486 1919 disciplinam
509 1837 587 1897 haec
609 1836 782 1897 exhortatio
807 1838 974 1897 vehemens
996 1836 1133 1898 reddat·

377 1918 443 1981 Nec
465 1926 550 2005 patet
572 1920 622 1979 hio
645 1920 813 1981 excusandi
837 1921 940 1998 locus,
979 1919 1061 2000 quod
1091 1920 1150 1980 alii
1165 1922 1217 2002 ml7

293 2006 372 2065 liora
407 2003 521 2083 ferant,
556 2002 618 2063 alii'
644 2003 782 2082 duriora,
818 2004 982 2083 uuicuique
1015 2005 1095 2065 cuim
1122 2002 1219 2065 'datur

292 2088 423 2149 tentatio
440 2086 479 2147 ad
492 2100 676 2165 mensuram,
699 2106 761 2147 non
774 2084 866 2169 supra
879 2088 970 2165 vires,
984 2094 1016 2147 ut
1033 2086 1113 2149 Psal.
1126 2088 1164 2150 79
1174 2085 1217 2167 ¹):

292 2162 417 2231 cibabis
441 2188 497 2230 nos
516 2190 597 2249 pane
620 2170 822 2245 lacrimarum,
845 2178 876 2229 et
897 2170 1103 2251 potumdabis
1128 2168 1217 2243 nobis

292 2256 321 2314 in
347 2253 480 2313 lacrimis
503 2254 532 2312 in
558 2272 709 2315 mensura.
755 2252 844 2328 Quod
869 2261 899 2312 et
920 2252 1032 2313 Paulus
1055 2251 1143 2313 dicit:
1172 2251 1218 2313 Fi·

294 2338 370 2399 delis
385 2335 480 2413 Deus,
503 2337 554 2414 qui
578 2354 639 2397 non
663 2338 810 2415 permittit
822 2356 881 2396 vos
895 2338 1004 2396 tentari
1027 2337 1217 2413 ultraquam

292 2420 442 2501 potestis,
471 2418 526 2479 ssd
547 2418 638 2479 faciet
660 2438 729 2479 aum
753 2421 930 2479 munusue>
946 2429 1145 2498 proventum,
1182 2427 1217 2478 ut

293 2503 420 2583 possitis
442 2504 603 2563 sustinere.
646 2502 706 2563 Ubi
727 2520 802 2582 argo
817 2503 914 2563 mains
939 2503 1059 2580 malum,
1082 2501 1124 2563 ibi
1146 2502 1217 2581 plus.

294 2590 491 2667 provectusp
523 2591 554 2645 at
585 2585 690 2645 auxilii
723 2586 829 2660 divini,
873 2588 915 2645 ita
951 2597 984 2645 ut
1016 2585 1219 2664 inaequalitas

293 2671 484 2749 passionum⁴
497 2670 595 2747 magis
626 2670 656 2727 in
686 2670 820 2748 apccicm
843 2676 958 2749 pateat,
979 2688 1069 2747 quam
1093 2688 1221 2729 revera

294 2753 340 2813 sit.
392 2751 472 2811 Nam
507 2759 539 2811 et
566 2752 601 2811 B.
628 2751 783 2829 lohannes
811 2753 967 2832 Baptista,
1003 2772 1093 2833 quam
1126 2750 1220 2811 hodie

295 2834 484 2896 decollatum
506 2834 547 2895 ab
566 2833 691 2895 Herode
719 2835 933 2911 recordamur,
968 2855 1072 2898 nonne
1094 2842 1220 2913 stupore

295 2937 351 2980 nos
375 2937 485 2978 omnes
508 2917 688 2978 confundit?
724 2916 807 3001 quod
831 2925 932 2977 tantus
955 2919 1015 2994 vir,
1038 2938 1100 2996 quo
1123 2919 1221 2977 maior

295 3002 373 3077 inter
397 3000 539 3070 mulieres
562 3020 623 3060 non
647 3002 795 3076 surrexit,
828 3002 943 3070 amicus
973 3001 1080 3060 unicus
1103 3001 1219 3080 sponsi,

294 3102 478 3165 praecursor
500 3076 632 3163 Christi,
664 3084 762 3154 maior
784 3082 943 3167 prophetis
966 3082 1126 3157 omnibus,
1157 3100 1219 3141 non

296 3167 405 3227 saltem
434 3161 557 3250 publico
591 3166 703 3235 iudicio
734 3164 899 3241 occiditur,
939 3185 1000 3225 non
1031 3164 1139 3225 saltem
1170 3162 1220 3223 vel

296 3248 366 3311 licta
396 3268 506 3327 causa,
543 3250 619 3312 sicut
642 3250 778 3311 Christus
810 3256 986 3330 accusatur,
1017 3268 1075 3309 nac
1096 3255 1222 3329 propter

297 3334 462 3413 populum,
496 3328 606 3393 sedin
638 3352 760 3401 carcerc
783 3339 907 3413 propter
930 3332 1114 3393 saltatricem
1138 3329 1220 3391 adul·
1302 3332 1306 3341 '

298 3423 381 3477 terne
404 3414 507 3478 liliam.
551 3412 648 3476 Unius
670 3414 758 3487 huius
773 3415 876 3479 Sancti
899 3416 1107 3495 ignominiosa
1130 3433 1222 3483 mors,

298 3506 331 3561 et
352 3497 466 3562 tradita
488 3497 551 3559 vita
573 3506 633 3561 tam
658 3500 773 3577 viliter,
807 3506 866 3560 tam
897 3498 1030 3579 indignis
1060 3497 1158 3558 modis
1192 3493 1220 3554 in

299 3601 407 3646 manus
441 3578 667 3665 infensissimos
690 3580 849 3643 adulteras
880 3584 1054 3641 universum
1085 3588 1220 3640 nostrum
1256 3580 1264 3595 ‘

297 3665 410 3725 malum
435 3662 548 3741 leniat?
1060 3662 1064 3671 '
