3159 4792
561 522 658 573 conns
675 532 786 583 strom
806 518 839 572 ll.
857 519 935 573 Luth.
1150 513 1215 582 271

331 703 442 783 quibus
464 705 545 768 ultro
566 708 736 769 interirent.
777 706 899 768 Laudas
920 706 1050 786 iactum,
1078 705 1215 787 Decime,

300 826 303 830 ι
331 793 365 848 et
381 789 530 868 pietatem
553 791 657 851 colere
678 793 725 852 vis
747 791 866 852 rideri?
896 797 928 851 et
949 790 1061 852 Christi
1083 809 1152 852 esse
1173 792 1215 851 vi-

330 871 453 932 carius?
486 871 577 935 Certe
603 876 685 935 enim
717 875 881 955 singularis
920 881 971 937 est¹
995 871 1073 934 haec
1100 874 1215 952 feritas,

330 952 475 1035 probare,
497 956 707 1036 quodcliusus
727 958 903 1038 aitsanguis
915 956 1114 1038 Christianus,
1136 975 1215 1036 cum,

329 1043 365 1096 ut
386 1036 558 1118 Cyprianus
590 1048 712 1121 monet,
748 1041 959 1102 conscientiae
982 1042 1121 1121 episcopi
1143 1059 1230 1123 con-¹

329 1121 453 1200 veniat,
485 1121 561 1184 darc
597 1143 741 1205 operam,
780 1144 820 1185 ne
853 1126 921 1203 quis
956 1125 1092 1205 ipsorum
1125 1125 1216 1204 culpa

329 1211 447 1283 pereat.

330 1283 366 1368 c)
390 1286 509 1350 Laudat
528 1289 713 1351 adulatrices
736 1290 955 1351 meretriculas.

329 1369 369 1448 d)
392 1371 553 1432 Romanae
575 1375 740 1453 piraticae,
773 1380 805 1434 et
826 1371 1008 1434 Pontiflclae
1039 1372 1109 1433 dico
1131 1391 1214 1454 gras-

329 1460 462 1517 satrrrne.

330 1544 366 1609 e)
391 1537 450 1600 Ubi
465 1536 615 1617 doctriua,
636 1539 710 1617 leo,
729 1539 905 1601 ubivsritas
927 1540 958 1598 in
983 1540 1019 1598 iis
1043 1538 1214 1614 enituitlt?

327 1621 400 1681 Non
422 1629 454 1682 te
474 1620 571 1702 pudet
591 1621 630 1682 de
652 1622 762 1683 talibus
780 1615 905 1703 ineptiis
917 1629 979 1683 tarn
1002 1622 1214 1702 gravemierre

328 1704 535 1765 sententiam?

329 1785 358 1861 f)
384 1786 482 1862 Quam
506 1786 665 1867 pulchrum
693 1793 741 1849 est
768 1786 896 1869 palpare
918 1787 1091 1848 Romanum
1113 1787 1215 1848 Ponti-

328 1868 431 1934 licem.
475 1870 539 1932 Sed
559 1890 619 1932 nos
641 1870 717 1932 nibil
738 1878 844 1933 movet
863 1871 1018 1940 sententia
1031 1870 1076 1930 sio
1097 1871 1215 1949 leviter,

334 1956 381 2016 sic
401 1960 524 2034 praeter
543 1953 687 2014 iudicium
709 1954 783 2016 lats.
804 1953 974 2016 Nec-nobis
996 1955 1127 2035 eripient
1140 1953 1214 2015 Ger-

332 2038 468 2099 maniam
490 2037 875 2118 gsrrulaeDocticulorum
891 2037 1028 2115 scholae,
1049 2043 1213 2118 postquam

332 2121 432 2183 semel
452 2120 641 2182 liberandam
664 2123 866 2201 suscepimus.

332 2208 371 2286 g)
392 2203 467 2265 Vult
488 2205 592 2265 literas
613 2205 692 2264 scire
712 2203 1032 2284 videribicOopiists,
1054 2209 1085 2264 et
1105 2203 1215 2283 plenus

333 2293 504 2348 astrorum
527 2289 693 2367 antiquitus
715 2295 883 2368 gestarum.

375 2369 436 2432 Pro
456 2370 622 2450 pastoralis
642 2371 735 2452 igitur
756 2369 891 2448 officiis)
917 2369 1020 2430 diuina
1041 2367 1140 2449 gratia
1161 2387 1214 2428 no-

292 2457 338 2518 bis
360 2454 490 2515 iniuncti
518 2454 652 2534 cursb),
682 2471 775 2533 qnam
805 2454 955 2534 gerimus,
987 2452 1213 2533 praedictorum

291 2556 428 2602 errorum
453 2537 537 2597 virus
557 2537 774 2618 pestiferume)
799 2537 925 2597 ulterius
949 2535 1081 2597 tolerare
1089 2532 1136 2616 d),
1161 2553 1215 2594 seu

291 2620 499 2690 dissimulare,
530 2622 597 2682 sine
619 2620 814 2682 Christianae
834 2620 992 2702 religionis
1014 2625 1149 2698 nome),
1172 2625 1215 2679 at

293 2726 352 2788 que
378 2702 573 2765 orthodoxae
594 2702 665 2765 fidei
687 2704 797 2764 iniuria
818 2704 904 2764 nullo
928 2703 1020 2764 modo
1042 2721 1214 2784 possumus.

292 2789 409 2852 lterum
432 2793 533 2847 summ
555 2805 691 2848 errorum
699 2785 729 2870 l)
753 2787 875 2867 aliquos
896 2785 1109 2868 praesentibus
1131 2785 1216 2845 duxi-

295 2893 364 2937 mus
383 2869 571 2950 inlerandos,
593 2889 720 2950 quorum
741 2876 833 2933 tenor
854 2872 989 2950 sequitur
1009 2879 1042 2932 et
1064 2878 1111 2932 est
1132 2873 1218 2933 talis:

334 2960 372 3033 a)
398 2953 536 3014 Tandem
560 2953 694 3026 officium
716 2954 803 3014 facit:
838 2953 891 3014 sed
915 2953 1000 3032 vide,
1022 2973 1062 3015 ne
1083 2955 1217 3014 abutaris

334 3043 492 3120 potestate
513 3044 567 3098 tua
587 3055 651 3100 non
672 3039 703 3098 in
726 3036 987 3112 aedificationem,
1021 3036 1076 3098 sed
1111 3038 1142 3096 in
1167 3036 1217 3096 de-

335 3123 545 3184 structionem.
590 3121 680 3182 Certe
702 3121 872 3182 sacerdotis
902 3128 964 3195 ast,
997 3125 1031 3181 ut
1052 3119 1216 3181 Ambrosio

334 3205 466 3283 videtur,
488 3204 563 3265 nulli
584 3223 709 3284 nocere,
730 3204 982 3285 prodesse-velle
1004 3203 1155 3266 omnibus.

334 3289 372 3368 b)
396 3288 533 3349 Attende
555 3290 751 3348 commissam
773 3287 871 3348 Leoni
892 3289 996 3348 ovium
1019 3307 1133 3349 curam.

250 3411 259 3420 ·
334 3377 369 3452 c)
395 3372 501 3434 Potius
523 3372 674 3432 salutares
696 3371 939 3450 admonitiones,
977 3371 1060 3451 quod
1088 3377 1120 3431 tu
1143 3388 1216 3449 quo·

333 3476 394 3537 qne
414 3457 527 3534 sentis,
550 3463 582 3515 et
602 3455 758 3533 ediceres,
793 3457 851 3515 nisi
875 3461 972 3516 totum
994 3454 1168 3534 possideret
1186 3461 1217 3513 te

333 3541 485 3621 pecuniae
504 3539 649 3617 studium,
671 3546 703 3599 et
724 3537 899 3600 ambitionis
921 3545 1030 3602 tumor.
1073 3536 1216 3616 Proinde,

332 3624 398 3684 Vae
420 3623 526 3701 vobis,
548 3623 601 3702 qui
622 3623 724 3682 dicitis
748 3622 860 3682 malurn
883 3620 1014 3701 bonurn,
1048 3629 1080 3681 ct
1099 3620 1214 3681 bonum

332 3708 456 3784 malum,
480 3714 633 3787 ponentes
657 3705 799 3766 tenebras
822 3706 932 3783 lucem,
955 3712 986 3764 et
1008 3705 1106 3764 lucem
1131 3709 1216 3764 tena-

330 3788 421 3866 bras,
459 3796 610 3866 ponentes
647 3807 785 3849 amarum
818 3790 851 3850 in
873 3787 979 3867 dulce,
1020 3795 1051 3850 et
1073 3785 1161 3850 dulce
1184 3787 1215 3850 in

330 3893 476 3936 amarum.

360 4065 392 4132 l)
411 4065 444 4117 In
462 4063 506 4118 ed.
528 4065 604 4119 lent
622 4062 743 4150 enititur.
