3159 4792
577 508 611 562 ds
628 509 756 563 tibartstc
774 507 942 562 Christiano.
1122 529 1127 536 ·
1162 503 1226 572 229

299 715 386 756 mens
409 715 478 756 cam
500 695 540 758 ab
561 695 703 758 omnibus
723 696 806 757 illius
828 697 925 774 maiis,
949 703 980 758 st
1002 715 1116 757 ornans
1128 698 1224 758 omni-

298 778 355 840 bus
377 781 441 839 suis
463 778 563 840 bouis.
606 779 669 840 lam
692 781 772 842 enim
795 779 987 860 impossibile
1009 786 1071 856 cst,
1099 786 1133 840 nt
1154 797 1225 860 pec-⁴

298 869 370 922 cata
398 880 455 923 sua
476 881 544 923 eam
565 863 711 942 perdant,
743 883 812 923 cum
835 881 927 944 super
949 862 1101 924 Christum
1124 865 1226 943 posita
1255 857 1262 884 ⁸

298 947 378 1022 sint,
416 952 447 1005 ct
468 946 588 1026 inipso
612 946 774 1027 absorpta,
809 945 984 1026 habeatque
1003 947 1072 1026 ipsa
1093 965 1160 1006 com
1183 947 1225 1006 iu·
1255 971 1258 980 ¹

299 1028 417 1088 stitiam
439 1029 470 1088 in
490 1027 611 1090 Christo
634 1048 751 1109 sponso
773 1048 845 1107 suo,
884 1028 923 1090 ds
945 1049 1006 1109 qua
1028 1035 1061 1090 ut
1081 1049 1136 1089 sua
1159 1048 1226 1109 pro·

298 1111 368 1190 pria
402 1120 592 1190 praesumat,
625 1120 656 1172 et
684 1111 831 1173 adversus
858 1114 962 1173 omnia
993 1119 1123 1192 peccata
1146 1132 1223 1189 ¹sua,

299 1200 411 1255 contra
431 1202 561 1255 mortem
584 1201 616 1254 et
628 1194 788 1273 infernum,
811 1196 910 1275 possit
926 1214 994 1256 cum
1008 1194 1119 1256 fiducia
1141 1194 1225 1255 illam

299 1295 461 1357 opponere
494 1282 525 1337 et
553 1276 670 1338 dicere:
709 1278 740 1340 Si
775 1297 835 1359 ago
858 1280 1001 1358 peccavi,
1035 1284 1067 1338 at
1088 1277 1225 1338 christus

299 1379 388 1420 meus
410 1378 474 1420 non
486 1361 635 1440 peccavit,
656 1362 688 1420 in
709 1380 799 1440 quem
819 1361 923 1439 credo,
940 1363 1025 1422 cuius
1039 1361 1143 1423 omnia
1156 1380 1225 1422 msa

299 1451 383 1520 sunt,
408 1449 439 1503 et
461 1444 565 1504 omnia
586 1463 657 1504 mea
677 1443 769 1519 illius,
791 1445 870 1504 sicut
892 1445 923 1504 in
945 1443 1099 1504 canticis:
1122 1443 1222 1504 Dilec-

299 1532 349 1595 tus
373 1545 460 1586 meus
484 1527 573 1604 mihi,
608 1533 639 1587 et
660 1546 719 1608 ego
741 1527 801 1604 illi,
834 1526 895 1588 hoc
917 1533 981 1603 est,
1005 1526 1088 1606 quod
1110 1525 1222 1586 Paulus

300 1608 376 1671 dicit
399 1612 426 1672 1.
451 1608 587 1670 Corinth.
612 1613 666 1674 to:
698 1610 766 1673 Dec
788 1610 919 1690 gratias,
954 1609 1005 1689 qui
1030 1608 1115 1670 dedit
1136 1608 1226 1670 nobis

300 1692 461 1753 victoriam
484 1711 540 1772 per
560 1691 667 1752 Jesum
691 1693 855 1770 Christum,
878 1693 1043 1754 Dominum
1078 1697 1226 1767 nostrum,

300 1775 463 1835 victoriam
485 1781 586 1836 autem
609 1777 729 1858 peccati
751 1783 783 1835 et
805 1777 926 1854 mortis,
949 1776 1030 1836 siout
1049 1773 1113 1835 illic
1133 1773 1225 1835 iudo-

301 1859 356 1917 cit:
381 1858 545 1918 Peccatum
567 1857 707 1918 stimulus
727 1859 835 1919 mortis
856 1864 920 1938 est,
943 1859 1038 1920 virtus
1061 1875 1134 1918 vero
1156 1875 1226 1937 pec·

303 1941 364 2002 cati
388 1939 450 2004 lex.

383 2039 434 2102 Ex
455 2040 493 2100 iis
513 2041 622 2101 iterum
645 2040 806 2122 intelligis,
836 2059 897 2122 qua
919 2059 1013 2102 causa
1033 2045 1152 2100 tantum
1174 2040 1224 2100 tri-

302 2124 413 2186 buatur
433 2121 522 2202 fidei,
556 2131 589 2183 ut
615 2123 684 2183 sola
703 2125 833 2204 implent
853 2124 966 2204 legem,
1002 2130 1034 2184 et
1050 2170 1051 2174 ,
1068 2123 1134 2183 sinc
1156 2122 1227 2184 ullis

301 2207 447 2288 operibus
469 2205 621 2268 iustificat.
665 2205 761 2267 Vides
777 2209 859 2268 euim
872 2207 1001 2286 primum
1015 2211 1228 2286 praeceptum,

301 2309 363 2370 quo
386 2289 511 2350 dicitur:
542 2289 645 2351 Unum
666 2289 765 2350 Deum
789 2289 895 2366 coles,
928 2289 995 2350 sola
1014 2287 1076 2350 fids
1097 2287 1227 2368 implori.

302 2373 333 2435 Si
356 2373 439 2434 enim
461 2373 554 2432 etiam
577 2374 644 2451 ipse
673 2372 754 2433 aliud
776 2392 839 2434 nou
863 2391 948 2434 esses
970 2391 989 2431 a
1010 2371 1117 2452 planta
1138 2369 1226 2450 pedi-s

300 2455 339 2517 ad
362 2456 526 2532 verticem,
555 2473 646 2535 quam
665 2454 749 2516 bona
771 2475 883 2536 opera,
917 2474 981 2516 non
1003 2462 1107 2515 tamen
1128 2454 1225 2514 iustus

301 2558 404 2616 esses,
426 2557 486 2598 nec
506 2537 604 2598 Deum
627 2537 762 2616 coleres,
791 2557 850 2599 noc
871 2539 1000 2618 primum
1024 2539 1223 2619 praeceptum

299 2618 466 2702 impleres,
489 2639 557 2681 curn
578 2621 662 2682 Deus
685 2621 745 2682 coli
767 2641 831 2682 non
853 2623 969 2701 possit,
997 2622 1055 2682 nisi
1078 2619 1226 2682 tribuatur

179 2718 180 2731 ¹
300 2706 328 2766 si
350 2703 510 2777 veritos1)
534 2709 565 2763 et
587 2705 749 2764 universae
771 2704 917 2766 bonitatis
930 2705 1039 2785 gloria,
1062 2705 1140 2765 sicut
1157 2721 1229 2763 vere

301 2785 464 2849 tribuenda
485 2790 541 2848 est.
583 2785 652 2846 Hoc
674 2792 776 2848 autem
801 2807 897 2870 opero
918 2807 980 2848 non
1003 2787 1139 2863 faciunt,
1173 2784 1228 2846 ssd

302 2871 371 2932 sola
396 2868 475 2930 fldes
508 2868 620 2931 cordis.
662 2869 733 2930 Nou
766 2871 847 2930 enim
880 2869 1054 2949 operando,
1089 2868 1144 2929 sed
1166 2887 1229 2928 cre·

303 2952 407 3015 dendo
439 2953 538 3013 Deum
585 2950 773 3013 lcrificamua
804 2962 834 3014 et
861 2971 1002 3014 veracem
1037 2951 1227 3014 confitemur.

302 3035 372 3097 Hoc
393 3036 519 3097 nominc
540 2972 617 3096 fides
639 3035 707 3096 sola
728 3042 774 3096 cst
802 3036 917 3096 iustitia
940 3033 1104 3096 Christiani
1133 3031 1230 3094 homi·

304 3121 360 3197 nis,
384 3125 415 3179 et
437 3119 572 3179 omnium
594 3125 828 3199 praeceptorum
851 3116 1021 3198 plenitudo,
1065 3116 1126 3191 Qui
1146 3115 1228 3174 enim

306 3203 437 3282 primum
458 3201 576 3282 implet,
598 3207 701 3263 cetera
724 3203 829 3264 omnio
850 3201 931 3264 facili
954 3219 1050 3280 opera
1070 3197 1186 3279 implet.

389 3301 492 3382 Opera
514 3320 599 3379 vero,
621 3320 689 3364 cum
712 3304 775 3365 sint
795 3321 844 3362 res
867 3303 1053 3378 insensatae,
1076 3317 1138 3360 non
1161 3317 1231 3379 pos·

305 3390 376 3445 sunt
398 3385 495 3445 Deum
518 3383 709 3466 glorificare,
732 3385 871 3464 quamvis
893 3383 932 3446 ad
954 3383 1084 3464 gloriam
1105 3382 1163 3442 Dei
1186 3381 1230 3458 (si

306 3467 382 3528 fides
405 3467 502 3540 adsit)
526 3465 592 3527 fieri
610 3470 741 3548 possint.
775 3469 899 3528 ‘Verum
921 3485 979 3528 nos
1001 3468 1062 3527 hoc
1083 3463 1232 3544 temporis

305 3551 495 3630 quaerimus,
534 3570 596 3610 non
617 3571 654 3611 ea
677 3571 757 3630 quac
779 3550 871 3627 fiunt,
909 3549 1011 3630 qualia
1034 3555 1230 3626 sumopere,

305 3633 359 3694 sed
383 3653 453 3694 eum
476 3633 527 3712 qui
549 3633 639 3711 facit,
662 3636 712 3715 qui
735 3632 888 3714 glorificat
912 3642 941 3692 ct
963 3650 1059 3711 opera
1081 3629 1229 3710 producit.

306 3715 392 3778 Haec
424 3723 472 3777 est
492 3714 569 3775 fides
598 3715 715 3792 cordis,
752 3723 845 3796 ceput
874 3723 904 3776 st
938 3712 1109 3777 substantia
1138 3713 1231 3776 totius

307 3801 441 3861 iustitiae
463 3803 598 3862 nostrae.
640 3798 731 3873 Unde
743 3818 837 3860 casca
860 3806 891 3860 et
906 3796 1080 3878 periculosa
1093 3795 1232 3856 doctrina

379 4055 411 4128 1)
432 4056 465 4109 In
483 4053 526 4113 ed.
545 4055 629 4113 1521:
648 4012 781 4110 cantatis.
