<?xml version="1.0" encoding="UTF-8"?>
<!DOCTYPE html PUBLIC "-//W3C//DTD XHTML 1.0 Transitional//EN"
    "http://www.w3.org/TR/xhtml1/DTD/xhtml1-transitional.dtd">
<html xmlns="http://www.w3.org/1999/xhtml" xml:lang="en" lang="en">
 <head>
  <title>
</title>
<meta http-equiv="Content-Type" content="text/html;charset=utf-8" />
  <meta name='ocr-system' content='tesseract 3.04.00' />
  <meta name='ocr-capabilities' content='ocr_page ocr_carea ocr_par ocr_line ocrx_word'/>
</head>
<body>
  <div class='ocr_page' id='page_1' title='image "./operalatinavari04schmgoog_0195.png"; bbox 0 0 3159 4792; ppageno 0'>
   <div class='ocr_carea' id='block_1_1' title="bbox 474 492 1330 573">
    <p class='ocr_par' dir='ltr' id='par_1_1' title="bbox 474 492 1330 573">
     <span class='ocr_line' id='line_1_1' title="bbox 474 492 1330 573; baseline -0.005 -18"><span class='ocrx_word' id='word_1_1' title='bbox 474 499 510 555; x_wconf 85' lang='lat' dir='ltr'>ad</span> <span class='ocrx_word' id='word_1_2' title='bbox 529 497 800 566; x_wconf 70' lang='lat' dir='ltr'>condennationem</span> <span class='ocrx_word' id='word_1_3' title='bbox 818 498 1011 573; x_wconf 75' lang='lat' dir='ltr'>doctrinalem.</span> <span class='ocrx_word' id='word_1_4' title='bbox 1151 492 1212 563; x_wconf 78' lang='grc'>187</span> <span class='ocrx_word' id='word_1_5' title='bbox 1326 541 1330 551; x_wconf 87' lang='grc'><em>,</em></span> 
     </span>
    </p>
   </div>
   <div class='ocr_carea' id='block_1_2' title="bbox 280 683 1218 2677">
    <p class='ocr_par' dir='ltr' id='par_1_2' title="bbox 291 683 1216 1351">
     <span class='ocr_line' id='line_1_2' title="bbox 293 683 1213 767; baseline 0.003 -25"><span class='ocrx_word' id='word_1_6' title='bbox 293 687 365 763; x_wconf 86' lang='lat' dir='ltr'>pant</span> <span class='ocrx_word' id='word_1_7' title='bbox 388 684 464 762; x_wconf 89' lang='lat' dir='ltr'>(sed</span> <span class='ocrx_word' id='word_1_8' title='bbox 487 685 542 749; x_wconf 92' lang='lat' dir='ltr'>sub</span> <span class='ocrx_word' id='word_1_9' title='bbox 564 687 691 749; x_wconf 91' lang='lat' dir='ltr'>nomine</span> <span class='ocrx_word' id='word_1_10' title='bbox 712 687 864 749; x_wconf 88' lang='lat' dir='ltr'>ecclesiae</span> <span class='ocrx_word' id='word_1_11' title='bbox 884 691 1027 763; x_wconf 82' lang='lat' dir='ltr'>sanctae,</span> <span class='ocrx_word' id='word_1_12' title='bbox 1048 702 1131 767; x_wconf 80' lang='lat' dir='ltr'>nnnc</span> <span class='ocrx_word' id='word_1_13' title='bbox 1150 683 1213 745; x_wconf 85' lang='lat' dir='ltr'>Ro·</span> 
     </span>
     <span class='ocr_line' id='line_1_3' title="bbox 293 768 1214 853; baseline 0.003 -27"><span class='ocrx_word' id='word_1_14' title='bbox 293 784 411 847; x_wconf 89' lang='lat' dir='ltr'>manae,</span> <span class='ocrx_word' id='word_1_15' title='bbox 424 788 507 830; x_wconf 90' lang='lat' dir='ltr'>nunc</span> <span class='ocrx_word' id='word_1_16' title='bbox 519 768 702 849; x_wconf 88' lang='lat' dir='ltr'>catholicae,</span> <span class='ocrx_word' id='word_1_17' title='bbox 725 789 807 834; x_wconf 91' lang='lat' dir='ltr'>nunc</span> <span class='ocrx_word' id='word_1_18' title='bbox 821 768 1111 853; x_wconf 87' lang='lat' dir='ltr'>repraesentativae,</span> <span class='ocrx_word' id='word_1_19' title='bbox 1132 786 1214 829; x_wconf 91' lang='lat' dir='ltr'>nunc</span> 
     </span>
     <span class='ocr_line' id='line_1_4' title="bbox 292 846 1213 943; baseline 0 -34"><span class='ocrx_word' id='word_1_20' title='bbox 292 846 501 930; x_wconf 79' lang='lat' dir='ltr'>doctrinalis),</span> <span class='ocrx_word' id='word_1_21' title='bbox 524 859 566 934; x_wconf 89' lang='lat' dir='ltr'>nt,</span> <span class='ocrx_word' id='word_1_22' title='bbox 589 854 615 913; x_wconf 91' lang='lat' dir='ltr'>si</span> <span class='ocrx_word' id='word_1_23' title='bbox 628 854 694 933; x_wconf 93' lang='lat' dir='ltr'>quis</span> <span class='ocrx_word' id='word_1_24' title='bbox 717 858 820 935; x_wconf 87' lang='lat' dir='ltr'>neget,</span> <span class='ocrx_word' id='word_1_25' title='bbox 841 859 926 915; x_wconf 88' lang='lat' dir='ltr'>recte</span> <span class='ocrx_word' id='word_1_26' title='bbox 947 851 987 915; x_wconf 91' lang='lat' dir='ltr'>ab</span> <span class='ocrx_word' id='word_1_27' title='bbox 1009 852 1064 943; x_wconf 78' lang='lat' dir='ltr'>sis,</span> <span class='ocrx_word' id='word_1_28' title='bbox 1084 851 1147 913; x_wconf 91' lang='lat' dir='ltr'>imo</span> <span class='ocrx_word' id='word_1_29' title='bbox 1171 848 1213 912; x_wconf 72' lang='lat' dir='ltr'>di,</span> 
     </span>
     <span class='ocr_line' id='line_1_5' title="bbox 292 932 1214 1014; baseline 0 -21"><span class='ocrx_word' id='word_1_30' title='bbox 292 932 403 994; x_wconf 83' lang='lat' dir='ltr'>vinitua</span> <span class='ocrx_word' id='word_1_31' title='bbox 424 934 549 1014; x_wconf 86' lang='lat' dir='ltr'>factum,</span> <span class='ocrx_word' id='word_1_32' title='bbox 572 954 646 997; x_wconf 87' lang='lat' dir='ltr'>mox</span> <span class='ocrx_word' id='word_1_33' title='bbox 668 937 823 999; x_wconf 74' lang='lat' dir='ltr'>sexcentis</span> <span class='ocrx_word' id='word_1_34' title='bbox 845 936 1017 1002; x_wconf 83' lang='lat' dir='ltr'>haereseon</span> <span class='ocrx_word' id='word_1_35' title='bbox 1038 933 1214 996; x_wconf 88' lang='lat' dir='ltr'>nominibus</span> 
     </span>
     <span class='ocr_line' id='line_1_6' title="bbox 291 1013 1215 1101; baseline 0.004 -26"><span class='ocrx_word' id='word_1_36' title='bbox 291 1013 483 1097; x_wconf 87' lang='lat' dir='ltr'>damnatum,</span> <span class='ocrx_word' id='word_1_37' title='bbox 514 1020 635 1099; x_wconf 90' lang='lat' dir='ltr'>utrique</span> <span class='ocrx_word' id='word_1_38' title='bbox 655 1018 735 1101; x_wconf 82' lang='lat' dir='ltr'>igni,</span> <span class='ocrx_word' id='word_1_39' title='bbox 756 1019 808 1081; x_wconf 87' lang='lat' dir='ltr'>isti</span> <span class='ocrx_word' id='word_1_40' title='bbox 839 1026 870 1081; x_wconf 90' lang='lat' dir='ltr'>et</span> <span class='ocrx_word' id='word_1_41' title='bbox 890 1019 1008 1098; x_wconf 79' lang='lat' dir='ltr'>futuro,</span> <span class='ocrx_word' id='word_1_42' title='bbox 1030 1016 1215 1088; x_wconf 74' lang='lat' dir='ltr'>devoveant,</span> 
     </span>
     <span class='ocr_line' id='line_1_7' title="bbox 291 1096 1216 1183; baseline 0.004 -24"><span class='ocrx_word' id='word_1_43' title='bbox 291 1096 354 1159; x_wconf 85' lang='lat' dir='ltr'>Nec</span> <span class='ocrx_word' id='word_1_44' title='bbox 381 1101 428 1160; x_wconf 89' lang='lat' dir='ltr'>sic</span> <span class='ocrx_word' id='word_1_45' title='bbox 452 1106 555 1165; x_wconf 65' lang='lat' dir='ltr'>umen</span> <span class='ocrx_word' id='word_1_46' title='bbox 585 1120 715 1183; x_wconf 91' lang='lat' dir='ltr'>usquam</span> <span class='ocrx_word' id='word_1_47' title='bbox 737 1110 904 1183; x_wconf 75' lang='lat' dir='ltr'>apparent,</span> <span class='ocrx_word' id='word_1_48' title='bbox 940 1102 990 1181; x_wconf 90' lang='lat' dir='ltr'>qni</span> <span class='ocrx_word' id='word_1_49' title='bbox 1025 1105 1153 1183; x_wconf 84' lang='lat' dir='ltr'>surgant</span> <span class='ocrx_word' id='word_1_50' title='bbox 1184 1105 1216 1164; x_wconf 82' lang='lat' dir='ltr'>et</span> 
     </span>
     <span class='ocr_line' id='line_1_8' title="bbox 291 1182 1215 1268; baseline 0.003 -26"><span class='ocrx_word' id='word_1_51' title='bbox 291 1186 417 1245; x_wconf 79' lang='lat' dir='ltr'>teneant</span> <span class='ocrx_word' id='word_1_52' title='bbox 438 1182 605 1248; x_wconf 92' lang='lat' dir='ltr'>Dominum</span> <span class='ocrx_word' id='word_1_53' title='bbox 630 1188 682 1260; x_wconf 88' lang='lat' dir='ltr'>(ut</span> <span class='ocrx_word' id='word_1_54' title='bbox 695 1182 805 1249; x_wconf 72' lang='lat' dir='ltr'>Esaim</span> <span class='ocrx_word' id='word_1_55' title='bbox 827 1185 888 1268; x_wconf 84' lang='lat' dir='ltr'>ait)</span> <span class='ocrx_word' id='word_1_56' title='bbox 913 1192 945 1247; x_wconf 92' lang='lat' dir='ltr'>et</span> <span class='ocrx_word' id='word_1_57' title='bbox 966 1183 1014 1246; x_wconf 89' lang='lat' dir='ltr'>vel</span> <span class='ocrx_word' id='word_1_58' title='bbox 1037 1183 1215 1267; x_wconf 81' lang='lat' dir='ltr'>sanguineis</span> 
     </span>
     <span class='ocr_line' id='line_1_9' title="bbox 291 1264 1215 1351; baseline 0.006 -26"><span class='ocrx_word' id='word_1_59' title='bbox 291 1264 424 1327; x_wconf 87' lang='lat' dir='ltr'>lacrimis</span> <span class='ocrx_word' id='word_1_60' title='bbox 434 1267 520 1329; x_wconf 77' lang='lat' dir='ltr'>‘haec</span> <span class='ocrx_word' id='word_1_61' title='bbox 532 1267 687 1331; x_wconf 86' lang='lat' dir='ltr'>horrenda</span> <span class='ocrx_word' id='word_1_62' title='bbox 697 1273 843 1351; x_wconf 88' lang='lat' dir='ltr'>portenta</span> <span class='ocrx_word' id='word_1_63' title='bbox 852 1270 917 1332; x_wconf 87' lang='lat' dir='ltr'>irae</span> <span class='ocrx_word' id='word_1_64' title='bbox 929 1268 1052 1332; x_wconf 85' lang='lat' dir='ltr'>divinae</span> <span class='ocrx_word' id='word_1_65' title='bbox 1063 1266 1215 1348; x_wconf 83' lang='lat' dir='ltr'>mitigent.</span> 
     </span>
    </p>

    <p class='ocr_par' dir='ltr' id='par_1_3' title="bbox 280 1348 1218 2345">
     <span class='ocr_line' id='line_1_10' title="bbox 371 1348 1215 1437; baseline 0.001 -28"><span class='ocrx_word' id='word_1_66' title='bbox 371 1348 462 1437; x_wconf 85' lang='lat' dir='ltr'>Ego,</span> <span class='ocrx_word' id='word_1_67' title='bbox 495 1352 547 1430; x_wconf 90' lang='lat' dir='ltr'>qui</span> <span class='ocrx_word' id='word_1_68' title='bbox 574 1353 605 1413; x_wconf 90' lang='lat' dir='ltr'>in</span> <span class='ocrx_word' id='word_1_69' title='bbox 628 1351 756 1424; x_wconf 81' lang='lat' dir='ltr'>Eccinm</span> <span class='ocrx_word' id='word_1_70' title='bbox 783 1350 1000 1432; x_wconf 81' lang='lat' dir='ltr'>Eccianosque</span> <span class='ocrx_word' id='word_1_71' title='bbox 1032 1369 1215 1433; x_wconf 77' lang='lat' dir='ltr'>paraveram</span> 
     </span>
     <span class='ocr_line' id='line_1_11' title="bbox 280 1432 1215 1516; baseline 0.004 -25"><span class='ocrx_word' id='word_1_72' title='bbox 280 1432 438 1513; x_wconf 80' lang='lat' dir='ltr'>impetum</span> <span class='ocrx_word' id='word_1_73' title='bbox 462 1434 584 1516; x_wconf 89' lang='lat' dir='ltr'>spiritus</span> <span class='ocrx_word' id='word_1_74' title='bbox 606 1434 677 1515; x_wconf 91' lang='lat' dir='ltr'>mei,</span> <span class='ocrx_word' id='word_1_75' title='bbox 698 1434 758 1497; x_wconf 90' lang='lat' dir='ltr'>hac</span> <span class='ocrx_word' id='word_1_76' title='bbox 778 1434 1111 1515; x_wconf 86' lang='lat' dir='ltr'>miseradamnataque</span> <span class='ocrx_word' id='word_1_77' title='bbox 1132 1432 1215 1496; x_wconf 91' lang='lat' dir='ltr'>dam·</span> 
     </span>
     <span class='ocr_line' id='line_1_12' title="bbox 292 1516 1217 1598; baseline 0.001 -23"><span class='ocrx_word' id='word_1_78' title='bbox 292 1516 418 1576; x_wconf 89' lang='lat' dir='ltr'>natione</span> <span class='ocrx_word' id='word_1_79' title='bbox 453 1516 515 1579; x_wconf 91' lang='lat' dir='ltr'>mei</span> <span class='ocrx_word' id='word_1_80' title='bbox 545 1518 589 1579; x_wconf 91' lang='lat' dir='ltr'>sic</span> <span class='ocrx_word' id='word_1_81' title='bbox 615 1518 731 1581; x_wconf 78' lang='lat' dir='ltr'>nactus</span> <span class='ocrx_word' id='word_1_82' title='bbox 753 1524 948 1598; x_wconf 87' lang='lat' dir='ltr'>mutatusque</span> <span class='ocrx_word' id='word_1_83' title='bbox 970 1538 1053 1597; x_wconf 87' lang='lat' dir='ltr'>snm,</span> <span class='ocrx_word' id='word_1_84' title='bbox 1087 1516 1217 1577; x_wconf 79' lang='lat' dir='ltr'>utilene</span> 
     </span>
     <span class='ocr_line' id='line_1_13' title="bbox 293 1598 1215 1681; baseline 0.004 -23"><span class='ocrx_word' id='word_1_85' title='bbox 293 1599 391 1681; x_wconf 83' lang='lat' dir='ltr'>magis</span> <span class='ocrx_word' id='word_1_86' title='bbox 414 1598 527 1679; x_wconf 87' lang='lat' dir='ltr'>libeat,</span> <span class='ocrx_word' id='word_1_87' title='bbox 561 1619 652 1680; x_wconf 91' lang='lat' dir='ltr'>quam</span> <span class='ocrx_word' id='word_1_88' title='bbox 681 1600 846 1681; x_wconf 91' lang='lat' dir='ltr'>quidquam</span> <span class='ocrx_word' id='word_1_89' title='bbox 880 1601 1023 1664; x_wconf 87' lang='lat' dir='ltr'>scribere.</span> <span class='ocrx_word' id='word_1_90' title='bbox 1065 1598 1130 1661; x_wconf 92' lang='lat' dir='ltr'>Iam</span> <span class='ocrx_word' id='word_1_91' title='bbox 1152 1618 1215 1662; x_wconf 94' lang='lat' dir='ltr'>non</span> 
     </span>
     <span class='ocr_line' id='line_1_14' title="bbox 292 1679 1216 1765; baseline 0.002 -24"><span class='ocrx_word' id='word_1_92' title='bbox 292 1679 411 1763; x_wconf 84' lang='lat' dir='ltr'>glorior</span> <span class='ocrx_word' id='word_1_93' title='bbox 432 1682 472 1743; x_wconf 88' lang='lat' dir='ltr'>da</span> <span class='ocrx_word' id='word_1_94' title='bbox 492 1683 578 1746; x_wconf 88' lang='lat' dir='ltr'>lucro</span> <span class='ocrx_word' id='word_1_95' title='bbox 601 1686 834 1765; x_wconf 85' lang='lat' dir='ltr'>persecutionis,</span> <span class='ocrx_word' id='word_1_96' title='bbox 855 1684 1006 1747; x_wconf 87' lang='lat' dir='ltr'>humanas</span> <span class='ocrx_word' id='word_1_97' title='bbox 1029 1683 1216 1744; x_wconf 80' lang='lat' dir='ltr'>temeritates</span> 
     </span>
     <span class='ocr_line' id='line_1_15' title="bbox 291 1763 1218 1847; baseline 0.003 -22"><span class='ocrx_word' id='word_1_98' title='bbox 291 1763 460 1827; x_wconf 85' lang='lat' dir='ltr'>arbitrabar</span> <span class='ocrx_word' id='word_1_99' title='bbox 481 1785 562 1846; x_wconf 87' lang='lat' dir='ltr'>esse,</span> <span class='ocrx_word' id='word_1_100' title='bbox 579 1786 659 1847; x_wconf 90' lang='lat' dir='ltr'>quae</span> <span class='ocrx_word' id='word_1_101' title='bbox 681 1767 786 1829; x_wconf 86' lang='lat' dir='ltr'>divina</span> <span class='ocrx_word' id='word_1_102' title='bbox 807 1768 853 1829; x_wconf 89' lang='lat' dir='ltr'>ira</span> <span class='ocrx_word' id='word_1_103' title='bbox 873 1776 931 1847; x_wconf 87' lang='lat' dir='ltr'>est,</span> <span class='ocrx_word' id='word_1_104' title='bbox 952 1772 1086 1829; x_wconf 79' lang='lat' dir='ltr'>attenta</span> <span class='ocrx_word' id='word_1_105' title='bbox 1106 1765 1162 1844; x_wconf 90' lang='lat' dir='ltr'>ira,</span> <span class='ocrx_word' id='word_1_106' title='bbox 1184 1771 1218 1828; x_wconf 92' lang='lat' dir='ltr'>ut</span> 
     </span>
     <span class='ocr_line' id='line_1_16' title="bbox 293 1847 1217 1931; baseline 0 -23"><span class='ocrx_word' id='word_1_107' title='bbox 293 1868 354 1910; x_wconf 92' lang='lat' dir='ltr'>non</span> <span class='ocrx_word' id='word_1_108' title='bbox 378 1847 474 1911; x_wconf 91' lang='lat' dir='ltr'>modo</span> <span class='ocrx_word' id='word_1_109' title='bbox 503 1850 569 1910; x_wconf 91' lang='lat' dir='ltr'>eius</span> <span class='ocrx_word' id='word_1_110' title='bbox 590 1850 770 1931; x_wconf 85' lang='lat' dir='ltr'>magnitudo</span> <span class='ocrx_word' id='word_1_111' title='bbox 800 1858 832 1914; x_wconf 91' lang='lat' dir='ltr'>et</span> <span class='ocrx_word' id='word_1_112' title='bbox 863 1848 1026 1913; x_wconf 89' lang='lat' dir='ltr'>multitudo</span> <span class='ocrx_word' id='word_1_113' title='bbox 1053 1868 1117 1909; x_wconf 90' lang='lat' dir='ltr'>non</span> <span class='ocrx_word' id='word_1_114' title='bbox 1145 1866 1217 1931; x_wconf 84' lang='lat' dir='ltr'>cog·</span> 
     </span>
     <span class='ocr_line' id='line_1_17' title="bbox 295 1931 1218 2015; baseline 0.001 -24"><span class='ocrx_word' id='word_1_115' title='bbox 295 1936 459 2009; x_wconf 87' lang='lat' dir='ltr'>noscatur,</span> <span class='ocrx_word' id='word_1_116' title='bbox 492 1931 547 1994; x_wconf 90' lang='lat' dir='ltr'>sed</span> <span class='ocrx_word' id='word_1_117' title='bbox 574 1937 606 1995; x_wconf 89' lang='lat' dir='ltr'>et</span> <span class='ocrx_word' id='word_1_118' title='bbox 635 1952 693 2015; x_wconf 92' lang='lat' dir='ltr'>pro</span> <span class='ocrx_word' id='word_1_119' title='bbox 757 1935 820 2001; x_wconf 86' lang='lat' dir='ltr'>etia</span> <span class='ocrx_word' id='word_1_120' title='bbox 848 1941 880 1996; x_wconf 86' lang='lat' dir='ltr'>et</span> <span class='ocrx_word' id='word_1_121' title='bbox 907 1931 1116 1996; x_wconf 85' lang='lat' dir='ltr'>misericordia</span> <span class='ocrx_word' id='word_1_122' title='bbox 1139 1931 1218 2010; x_wconf 91' lang='lat' dir='ltr'>(heu</span> 
     </span>
     <span class='ocr_line' id='line_1_18' title="bbox 293 2013 1217 2101; baseline 0 -26"><span class='ocrx_word' id='word_1_123' title='bbox 293 2014 422 2075; x_wconf 92' lang='lat' dir='ltr'>miseros</span> <span class='ocrx_word' id='word_1_124' title='bbox 450 2014 539 2077; x_wconf 91' lang='lat' dir='ltr'>huius</span> <span class='ocrx_word' id='word_1_125' title='bbox 571 2016 667 2077; x_wconf 88' lang='lat' dir='ltr'>seculi</span> <span class='ocrx_word' id='word_1_126' title='bbox 699 2015 781 2079; x_wconf 87' lang='lat' dir='ltr'>li&#39;os</span> <span class='ocrx_word' id='word_1_127' title='bbox 817 2013 937 2101; x_wconf 85' lang='lat' dir='ltr'>Adam)</span> <span class='ocrx_word' id='word_1_128' title='bbox 973 2016 1217 2097; x_wconf 84' lang='lat' dir='ltr'>pertinacissime</span> 
     </span>
     <span class='ocr_line' id='line_1_19' title="bbox 290 2097 1217 2180; baseline 0.001 -22"><span class='ocrx_word' id='word_1_129' title='bbox 290 2097 577 2179; x_wconf 85' lang='lat' dir='ltr'>violentissimeqne</span> <span class='ocrx_word' id='word_1_130' title='bbox 599 2100 840 2180; x_wconf 87' lang='lat' dir='ltr'>permultorum</span> <span class='ocrx_word' id='word_1_131' title='bbox 862 2108 992 2163; x_wconf 86' lang='lat' dir='ltr'>mortem</span> <span class='ocrx_word' id='word_1_132' title='bbox 1020 2105 1052 2161; x_wconf 89' lang='lat' dir='ltr'>et</span> <span class='ocrx_word' id='word_1_133' title='bbox 1073 2098 1217 2179; x_wconf 89' lang='lat' dir='ltr'>perditio·</span> 
     </span>
     <span class='ocr_line' id='line_1_20' title="bbox 290 2180 1216 2263; baseline 0 -22"><span class='ocrx_word' id='word_1_134' title='bbox 290 2199 360 2242; x_wconf 92' lang='lat' dir='ltr'>nem</span> <span class='ocrx_word' id='word_1_135' title='bbox 395 2181 526 2243; x_wconf 90' lang='lat' dir='ltr'>iactetur</span> <span class='ocrx_word' id='word_1_136' title='bbox 553 2182 795 2262; x_wconf 76' lang='lat' dir='ltr'>celebraturque.</span> <span class='ocrx_word' id='word_1_137' title='bbox 839 2181 866 2245; x_wconf 93' lang='lat'>0</span> <span class='ocrx_word' id='word_1_138' title='bbox 900 2201 1019 2245; x_wconf 91' lang='lat' dir='ltr'>merces</span> <span class='ocrx_word' id='word_1_139' title='bbox 1045 2180 1140 2263; x_wconf 85' lang='lat' dir='ltr'>digna</span> <span class='ocrx_word' id='word_1_140' title='bbox 1173 2183 1216 2241; x_wconf 91' lang='lat' dir='ltr'>in-</span> 
     </span>
     <span class='ocr_line' id='line_1_21' title="bbox 290 2262 615 2345; baseline 0.015 -22"><span class='ocrx_word' id='word_1_141' title='bbox 290 2262 478 2345; x_wconf 79' lang='lat' dir='ltr'>gratitudine</span> <span class='ocrx_word' id='word_1_142' title='bbox 499 2272 615 2328; x_wconf 85' lang='lat' dir='ltr'>nostra.</span> 
     </span>
    </p>

    <p class='ocr_par' dir='ltr' id='par_1_4' title="bbox 293 2345 1218 2677">
     <span class='ocr_line' id='line_1_22' title="bbox 372 2345 1217 2430; baseline 0 -22"><span class='ocrx_word' id='word_1_143' title='bbox 372 2346 460 2408; x_wconf 89' lang='lat' dir='ltr'>Haec</span> <span class='ocrx_word' id='word_1_144' title='bbox 481 2353 584 2411; x_wconf 87' lang='lat' dir='ltr'>tamen</span> <span class='ocrx_word' id='word_1_145' title='bbox 613 2349 658 2411; x_wconf 93' lang='lat' dir='ltr'>sic</span> <span class='ocrx_word' id='word_1_146' title='bbox 678 2348 826 2430; x_wconf 82' lang='lat' dir='ltr'>dixerim,</span> <span class='ocrx_word' id='word_1_147' title='bbox 856 2355 1001 2428; x_wconf 86' lang='lat' dir='ltr'>tanquam</span> <span class='ocrx_word' id='word_1_148' title='bbox 1029 2364 1138 2410; x_wconf 85' lang='lat' dir='ltr'>revera</span> <span class='ocrx_word' id='word_1_149' title='bbox 1159 2345 1217 2408; x_wconf 87' lang='lat' dir='ltr'>Lc-</span> 
     </span>
     <span class='ocr_line' id='line_1_23' title="bbox 293 2430 1218 2513; baseline 0.002 -24"><span class='ocrx_word' id='word_1_150' title='bbox 293 2430 483 2491; x_wconf 89' lang='lat' dir='ltr'>vaniensinm</span> <span class='ocrx_word' id='word_1_151' title='bbox 512 2437 544 2493; x_wconf 93' lang='lat' dir='ltr'>et</span> <span class='ocrx_word' id='word_1_152' title='bbox 566 2430 798 2494; x_wconf 77' lang='lat' dir='ltr'>Coloniensinm</span> <span class='ocrx_word' id='word_1_153' title='bbox 830 2431 1047 2513; x_wconf 83' lang='lat' dir='ltr'>theologorum</span> <span class='ocrx_word' id='word_1_154' title='bbox 1084 2430 1145 2491; x_wconf 85' lang='lat' dir='ltr'>ista</span> <span class='ocrx_word' id='word_1_155' title='bbox 1177 2430 1218 2491; x_wconf 88' lang='lat' dir='ltr'>sit</span> 
     </span>
     <span class='ocr_line' id='line_1_24' title="bbox 293 2512 1216 2595; baseline 0 -22"><span class='ocrx_word' id='word_1_156' title='bbox 293 2513 525 2594; x_wconf 79' lang='lat' dir='ltr'>condemnatio,</span> <span class='ocrx_word' id='word_1_157' title='bbox 546 2520 611 2577; x_wconf 90' lang='lat' dir='ltr'>tum</span> <span class='ocrx_word' id='word_1_158' title='bbox 635 2520 666 2577; x_wconf 90' lang='lat' dir='ltr'>et</span> <span class='ocrx_word' id='word_1_159' title='bbox 687 2515 820 2595; x_wconf 88' lang='lat' dir='ltr'>epistola</span> <span class='ocrx_word' id='word_1_160' title='bbox 842 2514 1013 2577; x_wconf 86' lang='lat' dir='ltr'>Oardinalis</span> <span class='ocrx_word' id='word_1_161' title='bbox 1030 2512 1216 2575; x_wconf 89' lang='lat' dir='ltr'>Derthnsen·</span> 
     </span>
     <span class='ocr_line' id='line_1_25' title="bbox 293 2594 1218 2677; baseline 0.004 -22"><span class='ocrx_word' id='word_1_162' title='bbox 293 2595 344 2675; x_wconf 91' lang='lat' dir='ltr'>sis,</span> <span class='ocrx_word' id='word_1_163' title='bbox 364 2594 513 2677; x_wconf 91' lang='lat' dir='ltr'>quidquid</span> <span class='ocrx_word' id='word_1_164' title='bbox 534 2596 565 2659; x_wconf 93' lang='lat' dir='ltr'>id</span> <span class='ocrx_word' id='word_1_165' title='bbox 598 2598 732 2661; x_wconf 89' lang='lat' dir='ltr'>hominis</span> <span class='ocrx_word' id='word_1_166' title='bbox 763 2605 821 2661; x_wconf 90' lang='lat' dir='ltr'>est.</span> <span class='ocrx_word' id='word_1_167' title='bbox 870 2597 949 2662; x_wconf 86' lang='lat' dir='ltr'>Nam</span> <span class='ocrx_word' id='word_1_168' title='bbox 988 2596 1111 2660; x_wconf 86' lang='lat' dir='ltr'>subolet</span> <span class='ocrx_word' id='word_1_169' title='bbox 1145 2613 1218 2659; x_wconf 92' lang='lat' dir='ltr'>meo</span> 
     </span>
    </p>
   </div>
   <div class='ocr_carea' id='block_1_3' title="bbox 294 2678 1217 2827">
    <p class='ocr_par' dir='ltr' id='par_1_5' title="bbox 294 2678 1217 2827">
     <span class='ocr_line' id='line_1_26' title="bbox 294 2678 1217 2827; baseline 0.001 -88"><span class='ocrx_word' id='word_1_170' title='bbox 294 2696 371 2741; x_wconf 84' lang='lat' dir='ltr'>naso</span> <span class='ocrx_word' id='word_1_171' title='bbox 394 2679 546 2741; x_wconf 87' lang='lat' dir='ltr'>nonnulla</span> <span class='ocrx_word' id='word_1_172' title='bbox 567 2681 781 2827; x_wconf 56' lang='lat' dir='ltr'>spccphantia,</span> <span class='ocrx_word' id='word_1_173' title='bbox 804 2688 845 2760; x_wconf 88' lang='lat' dir='ltr'>st,</span> <span class='ocrx_word' id='word_1_174' title='bbox 866 2689 901 2744; x_wconf 92' lang='lat' dir='ltr'>ut</span> <span class='ocrx_word' id='word_1_175' title='bbox 921 2682 1105 2761; x_wconf 85' lang='lat' dir='ltr'>loquuntur,</span> <span class='ocrx_word' id='word_1_176' title='bbox 1126 2678 1217 2741; x_wconf 81' lang='lat' dir='ltr'>vehe-</span> 
     </span>
    </p>
   </div>
   <div class='ocr_carea' id='block_1_4' title="bbox 294 2763 1217 2929">
    <p class='ocr_par' dir='ltr' id='par_1_6' title="bbox 294 2763 1217 2929">
     <span class='ocr_line' id='line_1_27' title="bbox 294 2763 1217 2845; baseline 0 -23"><span class='ocrx_word' id='word_1_177' title='bbox 294 2781 380 2823; x_wconf 89' lang='lat' dir='ltr'>mens</span> <span class='ocrx_word' id='word_1_178' title='bbox 403 2763 555 2843; x_wconf 90' lang='lat' dir='ltr'>snspicio,</span> <span class='ocrx_word' id='word_1_179' title='bbox 602 2764 771 2827; x_wconf 84' lang='lat' dir='ltr'>crinalem</span> <span class='ocrx_word' id='word_1_180' title='bbox 800 2764 883 2825; x_wconf 90' lang='lat' dir='ltr'>hunc</span> <span class='ocrx_word' id='word_1_181' title='bbox 909 2783 979 2827; x_wconf 89' lang='lat' dir='ltr'>esse</span> <span class='ocrx_word' id='word_1_182' title='bbox 1005 2769 1217 2845; x_wconf 87' lang='lat' dir='ltr'>personatum,</span> 
     </span>
     <span class='ocr_line' id='line_1_28' title="bbox 294 2844 1215 2929; baseline 0.002 -24"><span class='ocrx_word' id='word_1_183' title='bbox 294 2864 354 2906; x_wconf 89' lang='lat' dir='ltr'>non</span> <span class='ocrx_word' id='word_1_184' title='bbox 390 2844 475 2925; x_wconf 90' lang='lat' dir='ltr'>qnod</span> <span class='ocrx_word' id='word_1_185' title='bbox 506 2846 598 2909; x_wconf 83' lang='lat' dir='ltr'>velim</span> <span class='ocrx_word' id='word_1_186' title='bbox 630 2846 782 2910; x_wconf 73' lang='lat' dir='ltr'>cardineo</span> <span class='ocrx_word' id='word_1_187' title='bbox 818 2847 901 2929; x_wconf 88' lang='lat' dir='ltr'>pileo</span> <span class='ocrx_word' id='word_1_188' title='bbox 936 2847 1068 2910; x_wconf 88' lang='lat' dir='ltr'>tribuere</span> <span class='ocrx_word' id='word_1_189' title='bbox 1099 2845 1215 2924; x_wconf 88' lang='lat' dir='ltr'>aliquid</span> 
     </span>
    </p>
   </div>
   <div class='ocr_carea' id='block_1_5' title="bbox 294 2927 1309 3009">
    <p class='ocr_par' dir='ltr' id='par_1_7' title="bbox 294 2927 1309 3009">
     <span class='ocr_line' id='line_1_29' title="bbox 294 2927 1309 3009; baseline 0.001 -21"><span class='ocrx_word' id='word_1_190' title='bbox 294 2928 428 2989; x_wconf 88' lang='lat' dir='ltr'>alienum</span> <span class='ocrx_word' id='word_1_191' title='bbox 450 2929 587 3007; x_wconf 86' lang='lat' dir='ltr'>homini,</span> <span class='ocrx_word' id='word_1_192' title='bbox 608 2928 639 2991; x_wconf 90' lang='lat' dir='ltr'>id</span> <span class='ocrx_word' id='word_1_193' title='bbox 662 2937 726 3009; x_wconf 91' lang='lat' dir='ltr'>est,</span> <span class='ocrx_word' id='word_1_194' title='bbox 754 2932 916 2992; x_wconf 89' lang='lat' dir='ltr'>veritatem</span> <span class='ocrx_word' id='word_1_195' title='bbox 937 2929 1012 3007; x_wconf 90' lang='lat' dir='ltr'>Dei,</span> <span class='ocrx_word' id='word_1_196' title='bbox 1044 2928 1100 2990; x_wconf 88' lang='lat' dir='ltr'>sed</span> <span class='ocrx_word' id='word_1_197' title='bbox 1133 2927 1217 3006; x_wconf 89' lang='lat' dir='ltr'>quod</span> <span class='ocrx_word' id='word_1_198' title='bbox 1306 2957 1309 2964; x_wconf 93' lang='lat'>·</span> 
     </span>
    </p>
   </div>
   <div class='ocr_carea' id='block_1_6' title="bbox 293 3009 1218 4093">
    <p class='ocr_par' dir='ltr' id='par_1_8' title="bbox 293 3009 1218 4093">
     <span class='ocr_line' id='line_1_30' title="bbox 294 3009 1216 3093; baseline 0 -22"><span class='ocrx_word' id='word_1_199' title='bbox 294 3010 413 3091; x_wconf 85' lang='lat' dir='ltr'>phrasis</span> <span class='ocrx_word' id='word_1_200' title='bbox 436 3011 497 3073; x_wconf 86' lang='lat' dir='ltr'>ista</span> <span class='ocrx_word' id='word_1_201' title='bbox 517 3012 648 3092; x_wconf 89' lang='lat' dir='ltr'>quodvis</span> <span class='ocrx_word' id='word_1_202' title='bbox 669 3012 891 3092; x_wconf 88' lang='lat' dir='ltr'>aliudresipiat</span> <span class='ocrx_word' id='word_1_203' title='bbox 905 3031 997 3093; x_wconf 90' lang='lat' dir='ltr'>quam</span> <span class='ocrx_word' id='word_1_204' title='bbox 1010 3009 1216 3073; x_wconf 82' lang='lat' dir='ltr'>Gurdinalem.</span> 
     </span>
     <span class='ocr_line' id='line_1_31' title="bbox 293 3091 1218 3174; baseline -0.001 -20"><span class='ocrx_word' id='word_1_205' title='bbox 293 3092 434 3155; x_wconf 82' lang='lat' dir='ltr'>Necdum</span> <span class='ocrx_word' id='word_1_206' title='bbox 455 3095 529 3156; x_wconf 90' lang='lat' dir='ltr'>satis</span> <span class='ocrx_word' id='word_1_207' title='bbox 550 3097 627 3174; x_wconf 87' lang='lat' dir='ltr'>scio,</span> <span class='ocrx_word' id='word_1_208' title='bbox 650 3115 690 3159; x_wconf 90' lang='lat' dir='ltr'>au</span> <span class='ocrx_word' id='word_1_209' title='bbox 710 3095 897 3158; x_wconf 84' lang='lat' dir='ltr'>credendum</span> <span class='ocrx_word' id='word_1_210' title='bbox 918 3097 967 3174; x_wconf 87' lang='lat' dir='ltr'>sit,</span> <span class='ocrx_word' id='word_1_211' title='bbox 989 3111 1118 3173; x_wconf 89' lang='lat' dir='ltr'>usquam</span> <span class='ocrx_word' id='word_1_212' title='bbox 1133 3091 1218 3154; x_wconf 90' lang='lat' dir='ltr'>theo·</span> 
     </span>
     <span class='ocr_line' id='line_1_32' title="bbox 294 3176 1218 3260; baseline -0.001 -24"><span class='ocrx_word' id='word_1_213' title='bbox 294 3176 384 3259; x_wconf 85' lang='lat' dir='ltr'>logos</span> <span class='ocrx_word' id='word_1_214' title='bbox 409 3196 489 3257; x_wconf 87' lang='lat' dir='ltr'>esse,</span> <span class='ocrx_word' id='word_1_215' title='bbox 511 3179 562 3258; x_wconf 92' lang='lat' dir='ltr'>qui</span> <span class='ocrx_word' id='word_1_216' title='bbox 584 3178 664 3242; x_wconf 89' lang='lat' dir='ltr'>adeo</span> <span class='ocrx_word' id='word_1_217' title='bbox 687 3178 857 3260; x_wconf 86' lang='lat' dir='ltr'>desipiant,</span> <span class='ocrx_word' id='word_1_218' title='bbox 880 3186 915 3240; x_wconf 94' lang='lat' dir='ltr'>ut</span> <span class='ocrx_word' id='word_1_219' title='bbox 934 3196 993 3239; x_wconf 89' lang='lat' dir='ltr'>nec</span> <span class='ocrx_word' id='word_1_220' title='bbox 1014 3176 1137 3255; x_wconf 90' lang='lat' dir='ltr'>decori,</span> <span class='ocrx_word' id='word_1_221' title='bbox 1159 3193 1218 3236; x_wconf 92' lang='lat' dir='ltr'>nec</span> 
     </span>
     <span class='ocr_line' id='line_1_33' title="bbox 294 3259 1217 3340; baseline 0.002 -20"><span class='ocrx_word' id='word_1_222' title='bbox 294 3280 412 3340; x_wconf 86' lang='lat' dir='ltr'>rernm,</span> <span class='ocrx_word' id='word_1_223' title='bbox 446 3280 506 3323; x_wconf 91' lang='lat' dir='ltr'>nec</span> <span class='ocrx_word' id='word_1_224' title='bbox 539 3263 702 3324; x_wconf 89' lang='lat' dir='ltr'>verborum</span> <span class='ocrx_word' id='word_1_225' title='bbox 739 3261 834 3323; x_wconf 88' lang='lat' dir='ltr'>ullam</span> <span class='ocrx_word' id='word_1_226' title='bbox 875 3263 1028 3325; x_wconf 88' lang='lat' dir='ltr'>rationem</span> <span class='ocrx_word' id='word_1_227' title='bbox 1072 3259 1217 3335; x_wconf 77' lang='lat' dir='ltr'>habeant,</span> 
     </span>
     <span class='ocr_line' id='line_1_34' title="bbox 294 3342 1217 3429; baseline -0.001 -26"><span class='ocrx_word' id='word_1_228' title='bbox 294 3342 407 3405; x_wconf 90' lang='lat' dir='ltr'>deinde</span> <span class='ocrx_word' id='word_1_229' title='bbox 429 3344 519 3405; x_wconf 89' lang='lat' dir='ltr'>nudis</span> <span class='ocrx_word' id='word_1_230' title='bbox 541 3342 643 3407; x_wconf 87' lang='lat' dir='ltr'>verbis</span> <span class='ocrx_word' id='word_1_231' title='bbox 671 3344 834 3429; x_wconf 89' lang='lat' dir='ltr'>damnent,</span> <span class='ocrx_word' id='word_1_232' title='bbox 868 3362 1071 3426; x_wconf 85' lang='lat' dir='ltr'>quaecunque</span> <span class='ocrx_word' id='word_1_233' title='bbox 1098 3343 1217 3405; x_wconf 90' lang='lat' dir='ltr'>libitum</span> 
     </span>
     <span class='ocr_line' id='line_1_35' title="bbox 294 3425 1217 3508; baseline -0.002 -21"><span class='ocrx_word' id='word_1_234' title='bbox 294 3425 401 3505; x_wconf 84' lang='lat' dir='ltr'>luerit,</span> <span class='ocrx_word' id='word_1_235' title='bbox 433 3428 614 3508; x_wconf 86' lang='lat' dir='ltr'>praesertim</span> <span class='ocrx_word' id='word_1_236' title='bbox 650 3447 720 3491; x_wconf 88' lang='lat' dir='ltr'>cum</span> <span class='ocrx_word' id='word_1_237' title='bbox 753 3430 866 3491; x_wconf 84' lang='lat' dir='ltr'>certior</span> <span class='ocrx_word' id='word_1_238' title='bbox 892 3429 991 3492; x_wconf 77' lang='lat' dir='ltr'>lacum</span> <span class='ocrx_word' id='word_1_239' title='bbox 1021 3428 1078 3489; x_wconf 93' lang='lat' dir='ltr'>sim</span> <span class='ocrx_word' id='word_1_240' title='bbox 1110 3426 1217 3501; x_wconf 88' lang='lat' dir='ltr'>literis,</span> 
     </span>
     <span class='ocr_line' id='line_1_36' title="bbox 294 3506 1216 3591; baseline -0.002 -20"><span class='ocrx_word' id='word_1_241' title='bbox 294 3508 366 3572; x_wconf 90' lang='lat' dir='ltr'>iude</span> <span class='ocrx_word' id='word_1_242' title='bbox 389 3508 429 3571; x_wconf 90' lang='lat' dir='ltr'>ad</span> <span class='ocrx_word' id='word_1_243' title='bbox 451 3528 501 3571; x_wconf 90' lang='lat' dir='ltr'>me</span> <span class='ocrx_word' id='word_1_244' title='bbox 523 3510 621 3591; x_wconf 88' lang='lat' dir='ltr'>datis,</span> <span class='ocrx_word' id='word_1_245' title='bbox 657 3530 720 3573; x_wconf 90' lang='lat' dir='ltr'>non</span> <span class='ocrx_word' id='word_1_246' title='bbox 751 3513 889 3573; x_wconf 88' lang='lat' dir='ltr'>omnium</span> <span class='ocrx_word' id='word_1_247' title='bbox 917 3511 957 3573; x_wconf 92' lang='lat' dir='ltr'>de</span> <span class='ocrx_word' id='word_1_248' title='bbox 982 3509 1141 3581; x_wconf 78' lang='lat' dir='ltr'>Facultate</span> <span class='ocrx_word' id='word_1_249' title='bbox 1160 3506 1216 3569; x_wconf 87' lang='lat' dir='ltr'>Lo-</span> 
     </span>
     <span class='ocr_line' id='line_1_37' title="bbox 295 3593 1184 3657; baseline -0.003 -4"><span class='ocrx_word' id='word_1_250' title='bbox 295 3593 417 3655; x_wconf 89' lang='lat' dir='ltr'>vanicn.</span> <span class='ocrx_word' id='word_1_251' title='bbox 440 3611 596 3656; x_wconf 87' lang='lat' dir='ltr'>consensu</span> <span class='ocrx_word' id='word_1_252' title='bbox 616 3594 707 3657; x_wconf 89' lang='lat' dir='ltr'>istam</span> <span class='ocrx_word' id='word_1_253' title='bbox 731 3593 960 3657; x_wconf 88' lang='lat' dir='ltr'>damnationem</span> <span class='ocrx_word' id='word_1_254' title='bbox 984 3613 1053 3655; x_wconf 87' lang='lat' dir='ltr'>esse</span> <span class='ocrx_word' id='word_1_255' title='bbox 1070 3598 1184 3653; x_wconf 87' lang='lat' dir='ltr'>natam.</span> 
     </span>
     <span class='ocr_line' id='line_1_38' title="bbox 378 3672 1216 3759; baseline 0.001 -22"><span class='ocrx_word' id='word_1_256' title='bbox 378 3672 456 3737; x_wconf 90' lang='lat' dir='ltr'>Utut</span> <span class='ocrx_word' id='word_1_257' title='bbox 476 3676 620 3739; x_wconf 88' lang='lat' dir='ltr'>sehabet</span> <span class='ocrx_word' id='word_1_258' title='bbox 640 3695 699 3756; x_wconf 91' lang='lat' dir='ltr'>res,</span> <span class='ocrx_word' id='word_1_259' title='bbox 719 3677 972 3759; x_wconf 88' lang='lat' dir='ltr'>respondendnm</span> <span class='ocrx_word' id='word_1_260' title='bbox 987 3683 1045 3756; x_wconf 89' lang='lat' dir='ltr'>est,</span> <span class='ocrx_word' id='word_1_261' title='bbox 1065 3693 1103 3735; x_wconf 86' lang='lat' dir='ltr'>ac</span> <span class='ocrx_word' id='word_1_262' title='bbox 1116 3675 1216 3756; x_wconf 86' lang='lat' dir='ltr'>primo</span> 
     </span>
     <span class='ocr_line' id='line_1_39' title="bbox 295 3756 1216 3843; baseline -0.002 -24"><span class='ocrx_word' id='word_1_263' title='bbox 295 3756 407 3820; x_wconf 85' lang='lat' dir='ltr'>fiducia</span> <span class='ocrx_word' id='word_1_264' title='bbox 447 3759 672 3840; x_wconf 89' lang='lat' dir='ltr'>pronunciandi</span> <span class='ocrx_word' id='word_1_265' title='bbox 702 3760 856 3843; x_wconf 84' lang='lat' dir='ltr'>Magistria</span> <span class='ocrx_word' id='word_1_266' title='bbox 889 3760 1002 3823; x_wconf 87' lang='lat' dir='ltr'>nostris</span> <span class='ocrx_word' id='word_1_267' title='bbox 1036 3759 1102 3821; x_wconf 88' lang='lat' dir='ltr'>sive</span> <span class='ocrx_word' id='word_1_268' title='bbox 1135 3756 1216 3817; x_wconf 81' lang='lat' dir='ltr'>veris</span> 
     </span>
     <span class='ocr_line' id='line_1_40' title="bbox 295 3841 1217 3923; baseline -0.003 -20"><span class='ocrx_word' id='word_1_269' title='bbox 295 3842 361 3903; x_wconf 81' lang='lat' dir='ltr'>sive</span> <span class='ocrx_word' id='word_1_270' title='bbox 383 3843 557 3922; x_wconf 87' lang='lat' dir='ltr'>personatis</span> <span class='ocrx_word' id='word_1_271' title='bbox 580 3841 754 3923; x_wconf 90' lang='lat' dir='ltr'>adimenda,</span> <span class='ocrx_word' id='word_1_272' title='bbox 777 3843 1075 3921; x_wconf 84' lang='lat' dir='ltr'>ostendendumque,</span> <span class='ocrx_word' id='word_1_273' title='bbox 1096 3841 1217 3921; x_wconf 89' lang='lat' dir='ltr'>quantis</span> 
     </span>
     <span class='ocr_line' id='line_1_41' title="bbox 296 3923 1218 4007; baseline -0.001 -22"><span class='ocrx_word' id='word_1_274' title='bbox 296 3943 373 4007; x_wconf 91' lang='lat' dir='ltr'>opus</span> <span class='ocrx_word' id='word_1_275' title='bbox 395 3926 436 3987; x_wconf 91' lang='lat' dir='ltr'>sit</span> <span class='ocrx_word' id='word_1_276' title='bbox 456 3923 667 4005; x_wconf 85' lang='lat' dir='ltr'>firmamentis,</span> <span class='ocrx_word' id='word_1_277' title='bbox 688 3933 722 3989; x_wconf 90' lang='grc' dir='ltr'>ιιι</span> <span class='ocrx_word' id='word_1_278' title='bbox 742 3924 885 3989; x_wconf 87' lang='lat' dir='ltr'>credatur</span> <span class='ocrx_word' id='word_1_279' title='bbox 904 3928 961 4004; x_wconf 90' lang='lat' dir='ltr'>iis,</span> <span class='ocrx_word' id='word_1_280' title='bbox 983 3925 1035 4007; x_wconf 92' lang='lat' dir='ltr'>qni</span> <span class='ocrx_word' id='word_1_281' title='bbox 1055 3942 1125 3985; x_wconf 90' lang='lat' dir='ltr'>raro</span> <span class='ocrx_word' id='word_1_282' title='bbox 1143 3924 1218 4003; x_wconf 81' lang='lat' dir='ltr'>&#39;pro-</span> 
     </span>
     <span class='ocr_line' id='line_1_42' title="bbox 295 4007 1217 4093; baseline -0.002 -24"><span class='ocrx_word' id='word_1_283' title='bbox 295 4008 517 4073; x_wconf 83' lang='lat' dir='ltr'>nunciaverunt</span> <span class='ocrx_word' id='word_1_284' title='bbox 528 4008 619 4090; x_wconf 80' lang='lat' dir='ltr'>bens,</span> <span class='ocrx_word' id='word_1_285' title='bbox 640 4009 817 4093; x_wconf 81' lang='lat' dir='ltr'>frequenter</span> <span class='ocrx_word' id='word_1_286' title='bbox 831 4015 935 4093; x_wconf 81' lang='lat' dir='ltr'>autem</span> <span class='ocrx_word' id='word_1_287' title='bbox 950 4028 989 4072; x_wconf 92' lang='lat' dir='ltr'>ac</span> <span class='ocrx_word' id='word_1_288' title='bbox 1009 4007 1074 4073; x_wconf 85' lang='lat' dir='ltr'>lere</span> <span class='ocrx_word' id='word_1_289' title='bbox 1095 4025 1217 4090; x_wconf 85' lang='lat' dir='ltr'>semper</span> 
     </span>
    </p>
   </div>
   <div class='ocr_carea' id='block_1_7' title="bbox 0 0 1588 4792">
    <p class='ocr_par' dir='ltr' id='par_1_9' title="bbox 0 0 1588 4792">
     <span class='ocr_line' id='line_1_43' title="bbox 0 0 1588 4792; baseline 0 0"><span class='ocrx_word' id='word_1_290' title='bbox 0 0 1588 4792; x_wconf 95' lang='lat' dir='ltr'> </span> 
     </span>
    </p>
   </div>
  </div>
 </body>
</html>
