3159 4792
339 494 405 563 430
653 496 811 567 Disputatio
826 496 862 553 D.
879 496 914 552 ll.
934 499 961 552 t.

402 684 455 747 40.
482 682 562 747 Nam
584 684 662 747 hseo
682 691 731 747 est
752 686 874 765 peoosti
900 686 965 761 vis,
992 690 1026 745 ut
1046 684 1161 745 Panlm
1180 683 1269 762 dinis,

342 768 424 847 qnod
452 774 614 847 peoostum
636 776 683 829 est
709 768 835 830 seuleus
868 769 990 846 mortis,
1023 775 1056 829 et
1086 768 1139 829 lex
1170 770 1268 828 virtus

362 852 471 911 suesti.

340 871 360 931 p
402 934 454 999 41.
481 932 617 995 Edsmus
650 935 742 1013 igitur
773 932 993 1013 bibsmnsqns,
1030 939 1062 993 et
1097 933 1154 993 sub
1198 934 1268 992 istis

342 1017 495 1097 magistris
519 1024 693 1079 tentemus:
715 1017 835 1095 Pereat,
858 1018 910 1098 qni
933 1018 1067 1077 erastino
1088 1022 1185 1076 onrst.

404 1101 454 1163 42.
477 1098 604 1161 Sublata
625 1106 673 1160 est
693 1101 774 1161 enim
797 1100 849 1161 lex
869 1102 965 1160 virtus
987 1101 1118 1180 pensati,
1135 1106 1173 1158 et
1192 1118 1268 1159 oon·

341 1188 506 1262 sequenter
527 1182 649 1245 sublata
679 1184 709 1243 vi
738 1185 858 1263 peeesti
892 1202 976 1244 mors
1009 1202 1133 1263 quoqne
1162 1189 1194 1243 et
1221 1184 1267 1241 in*-

341 1266 444 1327 fernus
466 1266 632 1346 perierunt.

404 1351 454 1414 43.
476 1348 545 1409 Νοιι
567 1368 623 1429 per
643 1350 824 1429 sanguinem
847 1347 902 1408 filii
924 1349 982 1409 Dei
994 1348 1095 1429 legem
1110 1350 1266 1409 servantis

343 1438 374 1495 et
394 1432 561 1513 implentis,
582 1431 637 1493 ssd
658 1434 731 1511 quis
751 1450 810 1495 uos
831 1450 980 1512 negemus
998 1451 1067 1493 esse
1081 1433 1183 1512 legem
1195 1432 1267 1509 Dei,

343 1534 423 1597 quse,
444 1515 618 1595 impleatur:

405 1600 456 1661 44.
478 1598 589 1660 Omnia
611 1616 717 1659 eornm
740 1597 933 1678 depeoesto,
955 1598 1157 1677 poenitentis,
1179 1597 1266 1657 onsi-

342 1688 391 1745 sto
414 1690 446 1745 et
465 1682 647 1743 remissione
668 1688 740 1744 sunt
760 1682 967 1762 impurissima
998 1687 1030 1741 st
1049 1689 1177 1742 satanae
1193 1682 1265 1759 ipso

342 1765 521 1847 dignissime
542 1764 713 1829 mendesio.

405 1850 455 1913 45.
480 1848 545 1908 Lex
567 1849 665 1925 enim,
693 1853 725 1907 ut
746 1847 804 1907 fnit
823 1854 896 1908 ante
917 1847 1089 1925 Christum,
1119 1864 1178 1907 nos
1199 1848 1266 1925 qui·

343 1931 414 1993 deni
434 1949 601 2009 aoensans,
622 1930 679 1995 snb
702 1930 824 1991 Christo
847 1937 949 1991 sutem
972 1950 1027 2011 per
1047 1931 1264 1991 remissionem

343 2020 540 2097 pennatorum
562 2014 693 2093 planete,
717 2021 749 2075 et
769 2013 916 2093 deinoeps
939 2013 1053 2094 Spiritu
1075 2013 1244 2093 implenda.

405 2099 455 2161 46.
483 2097 529 2157 Its
558 2104 630 2177 post
653 2097 807 2159 Christum
838 2098 871 2157 in
903 2096 1003 2158 futura
1036 2098 1100 2157 vite
1128 2096 1267 2158 manebit

338 2181 470 2326 {inpleta
492 2181 573 2243 tosta
594 2187 667 2241 tune
688 2182 764 2260 ipsa,
787 2180 871 2259 quod
891 2180 1012 2243 iuterim
1036 2181 1156 2261 exegit,
1179 2199 1266 2241 erea-

357 2284 411 2328 ura
432 2283 523 2329 nove.

405 2349 455 2412 47.
485 2347 587 2423 Quare
619 2347 670 2407 lex
702 2363 858 2427 nunquam
890 2346 922 2405 in
950 2351 1110 2407 aeternnm
1137 2348 1265 2426 tollitur,

344 2432 400 2529 sed
422 2430 558 2527 manebit
579 2429 629 2491 vsl
650 2428 808 2511 implenda
827 2430 859 2488 in
879 2428 1042 2509 damnatis,
1064 2431 1115 2491 vel
1136 2432 1266 2512 impieta

344 2536 376 2579 m
397 2514 529 2660 {gottinga
552 2612 625 2655 vero
648 2602 775 2656 satanae
798 2595 940 2676 discipuli
961 2595 1103 2657 videntur
1119 2599 1268 2677 cogitare,

345 2680 446 2761 legem
468 2698 537 2739 esse
552 2678 764 2759 temporalem,
787 2698 867 2758 quse
881 2679 938 2739 sub
952 2680 1073 2741 Christo
1086 2685 1267 2765 cessaverit,

346 2764 440 2828 veluti
462 2769 510 2827 est
532 2762 732 2825 eiroumeisio.

386 2946 613 3027 Disputatio
647 2944 765 3007 tertis
788 2943 840 3005 Ἰ).
871 2942 1032 3005 llsrtini
1064 2942 1228 3007 Lntheri

602 3036 740 3090 eontra
762 3026 1008 3090 Antinomos.

607 3234 610 3241 Ι
650 3144 696 3207 De
717 3143 961 3229 poenitentiall.

431 3288 458 3347 1.
485 3282 680 3343 Poenitentis
700 3282 910 3362 Papistarnm,
931 3280 1116 3362 Turoarum,
1140 3282 1270 3346 ludaeo-

345 3386 423 3444 rum,
444 3372 476 3426 et
498 3366 633 3426 omnium
653 3362 824 3425 infidelium
846 3370 878 3426 et
898 3365 1126 3446 hypoeritsrum
1150 3376 1200 3428 est
1214 3389 1269 3449 per

346 3450 457 3513 omnis
472 3448 588 3510 similis.

409 3536 436 3596 2.
460 3530 507 3593 Es
528 3538 576 3592 eet
593 3530 637 3591 ‘de
648 3531 752 3611 aliquo
764 3531 815 3593 vel
827 3530 979 3611 aliquibus
992 3534 1128 3612 peeostis
1143 3534 1270 3594 setuali·

347 3616 403 3685 bus
426 3614 533 3675 dolere
554 3620 585 3675 et
607 3614 801 3693 satisfacere,
831 3625 943 3695 posteo
975 3634 1045 3676 esse
1066 3636 1208 3684 securum
1230 3618 1269 3678 de

346 3698 414 3761 aliis
437 3699 581 3779 mesatis,
604 3714 659 3757 seu
681 3697 822 3779 originali
844 3704 983 3777 pescate.

400 3936 431 4004 1)
452 3936 538 3991 Desit
555 3938 624 3993 haee
641 3939 801 4007 lneefiptio:
827 3935 869 3991 De
886 3940 1067 4007 poenitentis,
1084 3942 1113 3992 in
1132 3940 1176 3993 ed.
1189 3942 1270 4009 1538,

347 4009 464 4075 repetite
482 4014 525 4063 est
542 4025 579 4065 ex
600 4010 641 4065 ed.
664 4009 741 4068 1558.
1044 4035 1047 4039 -
1142 4015 1153 4027 “
