3159 4792
379 499 444 572 252
709 505 853 562 'lbactotua
871 505 981 562 lutheri

467 692 532 754 Aut
554 698 718 756 occurrunt
737 693 893 774 simplices
925 691 1041 754 idiotae
1065 691 1182 774 ignari,
1214 697 1250 752 et
1265 691 1309 752 iu·
1397 687 1398 748 l

384 776 463 839 flrmi
486 779 516 837 in
554 777 632 853 fide,
665 779 746 840 sicut
767 777 937 855 Apostolus
958 782 1066 851 accat,
1097 776 1148 854 qui
1171 774 1309 835 noudum

386 867 519 943 possunt
538 879 650 940 capere
672 860 843 921 libertatem
865 861 955 920 istam
978 859 1060 936 lidei,
1082 860 1175 919 etiam
1199 859 1225 917 si
1247 857 1310 918 rel·

386 945 461 1018 leot,
483 944 530 1002 his
552 944 739 1022 parcendum
756 954 813 1017 est,
840 964 878 1003 ue
895 943 1098 1019 offendantur,
1122 948 1152 1002 et
1170 940 1308 1002 deleren-

385 1026 456 1087 dum
479 1043 584 1086 eorum
604 1025 783 1100 infirmitati,
807 1026 1041 1106 donscplenius
1063 1023 1250 1086 erudiantur.-
1270 1023 1310 1086 Hi
1398 1035 1399 1040 ’

384 1110 465 1170 enim
488 1110 560 1187 quia
581 1109 925 1171 malitiaiuduratanou
946 1109 1071 1183 iaciunt,
1094 1127 1152 1168 uec
1173 1109 1310 1169 sentiunt

382 1192 437 1269 ita,
459 1192 514 1251 sed
537 1192 606 1252 sola
627 1193 838 1254 imbecillitate
859 1191 940 1266 fidei,
964 1199 1206 1272 proptereorum
1220 1209 1308 1250 scau-

384 1273 489 1334 dalum
510 1274 667 1335 vitandum
691 1274 844 1336 seruanda
865 1283 936 1336 sunt
947 1276 1061 1338 ieiunia
1082 1281 1114 1334 et
1134 1273 1205 1348 alia,
1229 1293 1307 1352 quae
1396 1295 1399 1302 ·

383 1358 442 1437 ipsi
470 1360 646 1418 necessaria
677 1358 868 1419 arbitrantur.
912 1358 980 1419 Huc
1008 1359 1088 1418 enim
1112 1358 1222 1416 caritas
1246 1357 1308 1416 exi-

385 1441 439 1521 git,
462 1460 542 1519 quae
563 1443 716 1502 neminem
739 1441 844 1515 laedit,
866 1440 920 1502 sed
944 1441 1088 1502 omuibus
1110 1440 1213 1501 servit.
1237 1439 1307 1500 Nou
1399 1479 1400 1508 2

384 1525 466 1583 enim
494 1543 549 1584 sua
577 1525 680 1604 culpa,
702 1524 759 1585 sed
780 1530 937 1603 pastorum
955 1542 1080 1584 suonam
1093 1521 1204 1582 infirmi
1225 1533 1307 1598 suut,
1399 1555 1400 1596 3

384 1607 436 1684 qui
458 1606 575 1686 laqueis
604 1616 636 1668 et
656 1608 749 1668 armis
773 1607 968 1668 traditionum
991 1625 1112 1667 suarum
1136 1624 1190 1666 scs
1213 1607 1307 1685 capti·
1399 1607 1400 1616 ³

383 1698 543 1769 vaserunt,
565 1697 597 1750 et
617 1691 698 1751 male
714 1698 943 1770 percusserunt,
965 1710 984 1750 a
1006 1689 1115 1768 quihus
1138 1688 1309 1750 debuerant

383 1771 505 1832 liberari
532 1780 564 1833 et
591 1774 693 1834 sanari
722 1772 794 1833 iidei
828 1772 1037 1852 libertatisque
1074 1771 1231 1849 doctriua,
1264 1773 1308 1832 sic

385 1855 553 1934 Apostolus
573 1856 662 1918 Rom.
689 1860 740 1919 14:
763 1856 795 1917 Si
810 1875 882 1916 esca
897 1875 965 1916 mea
977 1853 1163 1916 scandalisat
1182 1855 1305 1914 fratrem

384 1957 495 2014 meum,
518 1957 580 1997 uon
604 1938 926 2014 manducab0,carnes
949 1941 979 1998 iu
1002 1938 1175 2016 aeteruum,
1199 1944 1231 1998 et
1252 1939 1306 1998 ite-
1400 1943 1401 2020 i

384 2040 464 2080 rum:
500 2020 587 2097 Scio,
610 2021 693 2100 quod
713 2040 768 2101 per
790 2020 942 2082 Christum
965 2020 1040 2082 nibil
1062 2026 1110 2080 est
1132 2039 1306 2098 commuue,
1400 2029 1401 2046 ¹

381 2104 442 2162 uisi
464 2101 525 2180 illi,
548 2105 599 2182 qui
621 2110 708 2183 putat
728 2123 892 2164 commuue
913 2124 1006 2181 esse,
1040 2103 1095 2164 sed
1118 2103 1232 2166 malum
1262 2111 1308 2164 est

380 2185 509 2264 bomini,
533 2189 584 2266 qui
606 2207 662 2266 per
683 2186 901 2248 offendiculum
927 2188 1098 2250 manducat.

463 2268 566 2343 Quare
598 2272 653 2330 etsi
687 2271 807 2331 fortiter
834 2271 1038 2332 resistendum
1068 2277 1115 2330 ast
1151 2271 1306 2349 magistris

381 2351 443 2411 illis
466 2351 671 2430 traditionum,
695 2361 726 2414 et
746 2354 832 2433 leges
855 2354 1033 2433 pontificum
1056 2354 1167 2414 acriter
1190 2354 1306 2432 vitupe-

380 2435 511 2511 randae,
535 2435 642 2514 quibus
664 2438 695 2495 io
718 2436 865 2516 populum
888 2437 944 2497 Dei
967 2442 1159 2517 grassantur,
1197 2435 1306 2496 turbae
1401 2433 1402 2442 ’

381 2522 484 2578 tamen
499 2517 638 2597 pavidae
659 2519 845 2598 parcendum
869 2527 931 2590 est,
964 2539 1056 2600 quam
1086 2519 1239 2598 captivam
1263 2525 1305 2578 te·

380 2607 456 2660 nent
477 2601 592 2659 eisdem
616 2600 735 2681 legibus
757 2603 842 2681 impii
864 2603 908 2663 illi
933 2603 1063 2683 tyranni,
1085 2601 1187 2662 donec
1208 2601 1304 2680 expli·

380 2689 496 2743 centur.
540 2683 586 2742 lta
609 2704 713 2764 pugna
734 2692 857 2745 abeuue
885 2693 993 2746 contro
1014 2686 1120 2764 lupos,
1158 2683 1213 2744 sed
1247 2704 1304 2764 pro

380 2763 501 2840 ovibus,
523 2784 585 2826 nou
607 2767 697 2826 simul
720 2777 828 2828 contra
850 2787 943 2846 oves,
976 2767 1059 2848 quod
1082 2768 1192 2846 facies,
1224 2769 1251 2826 ei
1272 2769 1304 2826 in

380 2846 466 2928 leges
490 2855 521 2908 et
541 2849 736 2929 legislatores
755 2851 929 2929 inveharis,
953 2858 984 2912 st
1005 2860 1107 2911 tamen
1130 2851 1221 2910 simul
1244 2869 1305 2910 ser-

380 2950 435 2990 ves
457 2949 509 2991 eas
532 2951 600 2991 cum
622 2931 765 3011 infirmis,
788 2953 828 2993 ue
850 2934 1114 3010 scandaliseutur,
1150 2933 1252 2994 donec
1274 2941 1305 2994 et

380 3014 437 3157 ipfli
460 3014 653 3094 tyrannidem
675 3023 878 3096 cognoscant,
902 3025 933 3078 et
954 3017 1127 3078 libertatem
1151 3036 1237 3077 suam
1259 3017 1303 3077 in-

380 3103 411 3156 te
434 3098 528 3176 igant.

463 3178 600 3254 Quodsi
623 3180 666 3241 uti
686 3181 774 3242 voles
797 3182 938 3244 libertate
961 3189 1032 3256 tua,
1060 3184 1092 3242 in
1115 3183 1237 3244 occulto
1259 3183 1302 3243 fa-

381 3262 452 3338 cito,
475 3264 555 3323 sicut
568 3263 679 3323 Paulus
694 3264 769 3324 dicit
783 3265 872 3326 Rom..
888 3267 939 3328 14:
962 3265 1005 3326 Tu
1020 3265 1123 3340 fidem,
1146 3283 1236 3344 quam
1252 3266 1303 3326 ha·

381 3342 445 3419 bes,
467 3364 563 3424 penes
585 3353 680 3407 temet
695 3349 800 3433 1ipsum
823 3348 904 3409 habe
927 3367 1030 3410 curam
1053 3348 1131 3426 Dec,
1154 3367 1231 3408 aava
1253 3368 1303 3408 au·

381 3434 457 3506 tem,
489 3448 528 3488 ue
550 3447 653 3489 coram
681 3430 808 3490 infirmis
831 3432 925 3492 utaris
979 3431 1108 3491 Rursum
1131 3449 1235 3492 coram
1259 3439 1304 3512 ty-

378 3513 482 3570 rannis
509 3517 541 3571 et
569 3512 776 3590 pertinacibus
811 3520 897 3574 utere
930 3514 1040 3574 eadem
1068 3515 1099 3574 in
1122 3513 1302 3594 despectum

379 3611 506 3668 eorum,
537 3594 633 3655 multo
658 3598 793 3656 omnium
823 3598 1089 3671 constantissime,
1122 3603 1157 3658 ut
1184 3605 1217 3658 et
1244 3599 1302 3677 ipsi

335 3680 337 3683 '
378 3674 568 3756 intelligant,
597 3696 631 3737 se
653 3679 766 3758 impios
788 3698 858 3740 esse
880 3686 912 3739 et
933 3679 1018 3759 leges
1042 3697 1112 3739 suas
1136 3679 1209 3740 nihil
1233 3699 1303 3742 esse

379 3757 417 3816 ad
439 3759 596 3837 iustitiam,
618 3762 689 3839 quin
713 3762 756 3821 eis
779 3761 854 3821 nihil
869 3761 941 3822 iuris
957 3763 1050 3822 fuisse
1070 3762 1224 3824 condendi
1238 3783 1302 3822 eas.

415 3844 418 3851 '
461 3841 536 3901 Cum
560 3863 633 3924 ergo
658 3845 735 3904 baec
763 3847 825 3904 vita
853 3847 902 3926 agi
925 3865 988 3906 ncn
1011 3845 1110 3924 possit
1131 3847 1197 3905 siue
1220 3865 1301 3907 cera

379 3923 505 4002 moniis,
527 3936 557 3985 et
580 3927 734 4006 operibus,
755 3928 818 3988 imo
841 3928 961 3989 larveus
986 3936 1016 3988 et
1037 3927 1120 3990 rudis
1143 3935 1230 3988 aetas
1251 3930 1302 3990 ad·

378 4004 579 4068 clementium
601 4027 679 4090 opus
700 4009 816 4072 habeat
835 4011 883 4070 his
904 4010 1034 4072 vinculis
1065 4012 1164 4080 arceri
1185 4017 1217 4072 et
1239 4032 1303 4073 ser·
