3159 4792
373 535 438 619 ’3254
728 542 935 623 nispsasma

418 750 451 803 st
474 741 709 803 conservandas
730 749 791 804 oto.
813 762 841 805 a.
866 742 956 818 1527,
978 745 1010 801 et
1032 737 1179 801 tredecim
1190 729 1299 819 Dispit-
1407 726 1408 731 ¹

416 828 517 888 tiones
539 825 615 887 Phil.
637 824 893 887 Malanohthonis.

415 908 516 986 (Bibl.
538 908 677 973 Sohenrl.
698 908 848 987 Norint„
870 904 1013 967 Biblioth.
1044 904 1135 965 Univ.
1171 903 1297 984 Mrlaug.

761 999 763 1006 '
982 989 1099 1049 Panusr
1118 986 1172 1065 IX,
1195 989 1255 1065 89)

457 1074 690 1154 Propositionos
717 1092 739 1137 a
758 1074 891 1134 Mortino
919 1072 1054 1133 Luthoro
1083 1068 1216 1133 subinde
1240 1069 1297 1129 dis·

414 1165 553 1237 putatae.
575 1157 691 1219 Addita
710 1164 783 1219 sunt
795 1156 947 1235 quasdam
959 1174 1038 1234 quas
1059 1156 1090 1215 in
1105 1154 1210 1233 priora
1233 1152 1296 1213 edi-

415 1242 501 1301 tions
532 1240 752 1304 desiderantur.
797 1238 992 1319 Vitsbsrgso.
1028 1238 1062 1297 tu
1093 1236 1226 1297 aedibus
1246 1236 1296 1297 do-

414 1323 503 1403 ssptri
526 1323 616 1404 Dlng.
636 1323 729 1384 Anno
751 1320 925 1383 MDXXXI.
954 1290 1090 1382 Iobus:
1111 1322 1298 1400 lmpressum

417 1406 602 1487 Vitobergse
631 1426 686 1487 per
706 1405 877 1485 Jossphum
900 1404 988 1484 Otug.
1010 1404 1051 1463 Μ.
1074 1403 1111 1463 D.
1134 1402 1296 1467 xxxta

416 1490 474 1565 (os.
497 1489 644 1550 Riadorsr
666 1490 686 1550 l.
709 1490 728 1550 Ι.
750 1490 792 1549 lv
816 1509 847 1569 p.
869 1490 919 1552 53.
942 1489 1013 1552 2s3.
1036 1486 1165 1547 Waloh..
1180 1484 1295 1545 lutrod.

414 1575 444 1632 in
467 1572 554 1633 Luth.
576 1572 656 1653 Opp.
677 1571 774 1633 xvm
798 1592 829 1651 p.
854 1575 900 1637 10.
923 1572 1039 1631 Ponam
1060 1569 1118 1644 IX.
1140 1571 1210 1643 90.)
1407 1582 1408 1593 ’

456 1657 687 1735 Propositionss
721 1655 895 1715 aMartiuo
916 1652 1050 1715 Luthoro
1084 1651 1214 1714 subinde
1237 1650 1295 1710 dis·
1407 1624 1408 1679 ¹

414 1746 540 1819 putatas
556 1758 624 1799 oum
637 1739 827 1819 praefatione
839 1738 890 1800 Ph.
908 1735 1164 1797 Melanohtbonis.
1179 1734 1297 1813 Vitton-

415 1822 529 1902 bergae
550 1822 718 1883 MDXXXl.
740 1822 769 1885 8.
947 1820 1083 1896 (Panna
1104 1816 1160 1893 lx,
1182 1820 1255 1895 91.)

455 1904 664 1985 Theologioae
692 1904 922 1983 propositiones
943 1902 1129 1982 Vitebsrgaa
1159 1900 1297 1981 disputa-

414 1994 475 2048 tae.
488 1988 563 2047 Cum
575 1988 768 2067 praefatione
775 1987 863 2047 Mart.
874 1985 999 2059 Lutum
1011 1985 1050 2047 M.
1060 1984 1258 2046 DXXXMM.
1266 1984 1296 2046 8.

415 2071 448 2131 ln
480 2069 556 2131 fine:
598 2072 783 2149 Impressum
812 2069 997 2151 Vitsborgas
1036 2086 1091 2147 per
1124 2067 1296 2147 Josephum

412 2152 504 2234 Klug,
526 2172 608 2214 anno
632 2154 672 2213 Μ.
694 2152 731 2216 Ι).
755 2152 907 2217 XXXMII.
929 2157 959 2217 9.
980 2152 1013 2211 ln
1036 2152 1095 2211 hao
1110 2148 1299 2211 oollootione

414 2236 627 2298 tantummodo
661 2236 906 2298 Melsuohthonis
941 2234 1166 2315 disputationes
1199 2232 1298 2312 reddi,
1407 2238 1408 2305 t

414 2338 752 2465 tttttttttt
771 2320 896 2467 ...53
909 2314 1299 2477 iid¹⁰2d⁰inbi³⁰dm¹

415 2485 464 2548 sd.
490 2486 634 2547 Vittsmb.
657 2486 679 2546 1.
701 2505 732 2565 p.
761 2422 833 2551 430.
857 2506 884 2547 v.
920 2484 961 2559 d„
978 2483 1075 2545 Hardt
1096 2483 1135 2543 111
1171 2503 1202 2563 p.
1226 2420 1298 2547 QM.

966 2568 1084 2628 Panzsr
1105 2566 1157 2646 lX,
1180 2564 1252 2649 95).

454 2685 491 2757 *t
515 2686 603 2746 Haeo
623 2683 751 2745 Lnthari
773 2685 923 2765 praefatio
945 2686 976 2745 io
1000 2684 1077 2746 Doll.
1103 2684 1183 2765 Opp.
1207 2683 1296 2743 Luth.

371 2768 517 2831 Vittsmb.
540 2772 551 2828 1
573 2790 604 2851 p.
624 2770 687 2833 419
708 2768 786 2829 Phil.
803 2768 1050 2831 Melanohthonis
1066 2768 1296 2848 Disputationi·

371 2852 436 2912 bus·
449 2854 627 2933 praeposita
647 2852 692 2911 sio
712 2851 864 2912 redditur:
1407 2840 1408 2859 ¹

600 2936 638 2997 D.
660 2935 848 2995 Martinus
869 2932 1060 2995 Lutherus

420 3016 502 3077 Piis
524 3023 563 3078 st
583 3018 779 3079 fidelibus
796 3018 831 3079 in
856 3017 1015 3079 Christo
1039 3014 1180 3077 fratrib
1215 3034 1240 3077 s.

451 3101 516 3161 Has
551 3101 785 3182 Propositionos
814 3101 945 3181 Philippi
978 3034 1297 3161 Melanthonisubrtile
1407 3094 1408 3103 ’

371 3190 420 3243 est
440 3184 591 3264 invulgsri
623 3193 655 3246 et
676 3187 790 3246 servari
800 3183 849 3267 1),
872 3184 1050 3263 praesertim
1073 3182 1134 3243 hoo
1155 3184 1296 3261 pessimo

369 3273 401 3327 ot
421 3268 631 3347 ingratissimo
653 3269 779 3347 seouto,
813 3275 846 3327 ut
866 3267 1001 3329 habeant
1023 3272 1095 3348 post
1116 3284 1174 3325 nos
1197 3267 1240 3346 pii
1264 3273 1296 3327 et

368 3343 476 3409 fidelos
499 3350 530 3408 in
555 3350 676 3412 Christo
698 3352 806 3413 fratres
829 3348 913 3413 volut
933 3350 1027 3413 breve
1050 3342 1206 3431 quoddam
1232 3370 1294 3411 mo·

370 3432 515 3511 morialo,
546 3453 619 3514 sou,
649 3441 682 3495 ut
703 3433 828 3515 dieitur,
850 3434 1037 3495 Breviarium
1060 3438 1092 3493 et
1112 3432 1295 3492 fasoioulum

367 3534 470 3577 earum
495 3536 606 3597 rorum,
629 3536 709 3596 quae
731 3519 797 3578 istis
814 3518 925 3578 nostris
939 3518 1003 3577 fors
1024 3517 1065 3581 20
1087 3515 1296 3589 aunisdoota‚

367 3598 524 3681 disputata
551 3606 582 3661 et
608 3607 739 3680 tractata
755 3608 836 3679 suut,
859 3600 986 3661 summis
996 3598 1110 3661 viribus
1122 3604 1153 3659 st
1173 3598 1295 3677 studiis,

366 3682 515 3744 adversus
542 3685 691 3745 maximas
723 3691 754 3744 et
786 3684 952 3745 indomitas
985 3680 1233 3745 abominationes
1264 3693 1296 3743 et

255 3868 261 3872 ,
466 3808 499 3876 1)
519 3808 549 3860 In
569 3810 667 3860 harum
686 3808 908 3875 theologicarum
931 3808 1153 3876 propositionum
1167 3806 1295 3860 editione

366 3895 394 3933 n.
414 3880 486 3934 1534
497 3881 572 3933 usse
589 3880 702 3933 Luttrsri
722 3880 859 3948 praefatio
868 3880 1088 3935 Molauohthonia
1101 3880 1215 3931 nomine
1234 3892 1294 3931 non

365 3950 487 4004 indicato
506 3954 548 4004 sio
565 3953 677 4019 incipit:
704 3950 737 4004 D.
758 3951 889 4007 Martinus
911 3950 1024 4005 Luthsr.
1043 3950 1099 4005 lias
1121 3952 1294 4018 Propositio

365 4036 415 4073 nes
445 4023 511 4076 utile
543 4029 586 4075 est
610 4023 748 4092 invulgati
767 4030 795 4076 st
822 4026 936 4077 aorvsri.
974 4024 1018 4088 (cf.
1039 4022 1181 4089 itioduror²
1200 4016 1294 4075 Moab*

367 4092 472 4145 riobtoo
491 4101 543 4147 eto.
563 4095 594 4147 Τ.
613 4092 650 4148 lv
670 4112 698 4164 p.
717 4096 778 4153 285.
797 4093 919 4149 Altdort.
942 4096 1034 4162 1768.)
