3159 4792
338 492 403 561 472
642 442 801 566 litsputetic
820 496 907 553 D.·ll.
928 498 958 555 Ι..

338 690 399 745 treta
428 685 583 745 essentiae
611 682 801 765 dicerentui‚
840 686 866 747 si
897 704 959 747 una
990 683 1030 746 de
1059 684 1120 746 alia
1151 677 1259 747 nessei

339 774 447 915 ΓΘ41122.
471 850 513 910 Aa
535 849 675 912 similiter
695 849 739 911 illi
762 851 960 914 metuendum
976 853 1052 932 mit,
1069 871 1110 913 ne
1131 851 1193 913 duo
1210 852 1258 913 vel

339 941 399 995 tres
422 933 463 995 dii
486 933 603 1011 fierent,
625 934 650 993 si
671 949 749 994 unus
773 932 813 995 de
834 932 895 997 alio
918 942 1126 1017 generaretur.
1172 967 1175 978 ·

398 1033 678 1099 ‘recoluerimus
703 1038 869 1097 essentiam
891 1037 923 1097 in
946 1043 1086 1100 creatura
1107 1054 1169 1097 nou
1199 1033 1261 1096 dici

336 1114 539 1179 relativeu
502 1120 554 1195 (ιιι
583 1118 746 1199 Augustini
775 1119 869 1181 verbo
900 1126 1005 1199 utar),
1034 1118 1089 1180 sed
1118 1118 1260 1180 absolute

339 1206 469 1262 tantum.

401 1286 451 1349 24.
475 1283 535 1344 aed
560 1302 628 1343 cum
652 1274 874 1361 substantiam,
897 1286 1098 1365 sapientiam,
1121 1236 1259 1343 naturam

340 1367 370 1427 et
393 1366 534 1427 similia
526 1387 557 1426 ιιι
581 1365 693 1427 divinis
716 1367 798 1449 apud
822 1367 1026 1449 Augustinum
1060 1374 1091 1428 et
1111 1366 1259 1447 Hilarium

337 1450 436 1532 accipi
458 1450 587 1511 relative
610 1449 737 1512 videret.

398 1536 449 1599 25.
478 1532 547 1593 Non
579 1538 660 1611 erat,
694 1553 747 1593 eur
780 1534 955 1594 essentiam
975 1540 1105 1615 negaret
1132 1532 1261 1594 relative

337 1616 413 1697 diei,
448 1623 479 1676 et
511 1616 550 1677 ob
580 1636 672 1693 unum
707 1615 893 1676 vocabulum
925 1623 1027 1677 tantas
1061 1616 1164 1711 turlpas
1198 1634 1261 1698 mo·

339 1706 437 1761 voret.

400 1785 449 1849 26.
481 1780 570 1843 Unde
593 1788 624 1843 et
646 1780 802 1843 cardinali
825 1764 1059 1861 cameracensi,
1081 1779 1261 1843 doctissimo

353 1872 421 1927 nter
453 1864 682 1943 scholasticos
716 1866 775 1925 ista
807 1865 1024 1927 determinatio
1059 1882 1122 1957 uon
1155 1866 1263 1925 iniuria

335 1941 440 2010 tvalde
460 1946 622 2029 displicuit.

399 2034 448 2097 27.
481 2031 583 2093 Solius
606 2050 681 2112 ergo
703 2050 839 2111 persona
859 2029 945 2108 Filii,
977 2015 1103 2092 verbum
1127 2038 1262 2091 coaeter·

338 2134 414 2175 num
436 2116 522 2179 Patri
546 2121 578 2177 et
601 2114 725 2207 Spiritui
748 2120 867 2193 sancto,
891 2114 1076 2175 factumt
1028 2121 1076 2175 est
1097 2132 1180 2175 caro

400 2218 449 2285 28.
480 2222 600 2297 Tantae
629 2221 720 2291 molis
743 2225 810 2281 erat
831 2218 986 2317 perditum
1008 2220 1175 2295 homiuem
1187 2219 1263 2284 redi-

339 2323 440 2381 mere,
476 2310 509 2363 ut
543 2290 613 2365 talis
645 2312 677 2365 et
706 2310 791 2365 tanta
823 2302 948 2364 victima
970 2322 1025 2384 pro
1049 2323 1087 2364 eo
1109 2311 1193 2365 esset
1214 2322 1263 2366 ue·

338 2386 483 2457 cessaria

405 2472 455 2541 29.
486 2468 640 2545 Quocirca
662 2467 855 2550 impossibile
877 2475 949 2530 erat
970 2489 1026 2549 per
1046 2469 1175 2550 legem,
1209 2488 1264 2530 seu

341 2553 489 2613 iustitiam
513 2552 602 2632 legis,
624 2571 680 2631 pro
704 2557 833 2633 peccato
858 2550 1008 2614 satisfieri.

403 2637 455 2700 30
466 2634 558 2709 Quin
579 2654 634 2714 per
656 2635 757 2715 legem
780 2635 884 2714 potius
906 2634 1078 2717 augebatur
1099 2644 1263 2733 peccatum

341 2724 372 2778 et
395 2717 553 2781 damnatio
576 2718 719 2797 hominis,
743 2716 899 2796 usquead
922 2718 1030 2779 inferni
1053 2720 1234 2791 novissima.

402 2820 451 2883 31.
474 2817 578 2880 Nihilo
603 2820 701 2878 minus
720 2818 877 2896 lexiusta,
899 2824 1016 2895 saneta
1040 2819 1264 2896 bonaalrona

338 2902 420 2963 iusto
444 2907 475 2962 et
496 2910 605 2963 sanato
627 2902 712 2963 Deo.

401 2986 450 3049 32.
481 2986 627 3045 iustitiam
650 2984 744 3064 legis,
775 2983 870 3045 edam
886 2984 1147 3062 ceremonialem,
1169 2990 1263 3064 atque

339 3086 422 3129 nunc
442 3068 564 3129 civilem
588 3068 694 3147 exigit.
717 3067 851 3129 etnam
874 3067 1005 3128 mandat
1019 3069 1155 3141 senari..

402 3176 453 3238 33.
484 3173 630 3248 Quamvis
662 3174 739 3239 sciat
768 3188 837 3233 eam
867 3189 1064 3234 essecomm
1087 3181 1263 3235 aestercus

342 3258 374 3318 et
398 3256 624 3331 detrimentum,
647 3259 681 3317 ιιι
703 3256 874 3337 Apostolus
896 3255 1039 3335 loquitur.
1083 3258 1086 3264 '
1162 3265 1165 3269 ’

405 3340 456 3405 34.
479 3338 612 3418 Scilicet,
635 3358 673 3399 ue
696 3337 846 3420 glorietur
865 3340 897 3399 in
918 3346 1090 3419 conspectu
1112 3341 1177 3400 eiua
1199 3339 1263 3399 ulla

340 3442 412 3483 caro
436 3421 475 3483 de
496 3422 613 3483 iustitia
635 3428 665 3482 ct
687 3422 840 3503 sapientia
862 3422 958 3502 legis,
979 3421 1008 3482 id
1033 3429 1097 3501 est,
1127 3423 1165 3483 de
1188 3428 1262 3483 ster-

339 3524 412 3566 core
436 3524 502 3583 auo,
526 3505 672 3566 deuiuato
696 3506 810 3601 pariter
831 3522 900 3564 cum
922 3506 1002 3585 ipso.

383 3590 449 3653 35
479 3588 601 3663 Quanto
633 3589 730 3667 magis
753 3594 861 3667 terque
883 3594 1052 3667 quaterque
1074 3595 1192 3649 stercus
1215 3593 1262 3649 est

338 3672 459 3813 plustitia
481 3670 678 3733 traditionum
709 3672 928 3752 humanarum,
961 3691 1040 3751 quae
1066 3678 1113 3733 est
1143 3679 1262 3733 stercus

360 3752 466 3815 iabcli.
644 3772 647 3781 ¹
728 3767 731 3775 ’

402 3838 450 3901 36.
473 3836 614 3897 Relative
636 3836 729 3917 igitur
750 3836 867 3898 iustitia
886 3835 965 3918 legia
988 3843 1036 3898 est
1047 3836 1261 3919 inteligendo,

342 3917 371 3977 id
397 3926 455 3993 est
473 3917 650 3979 obedientia
673 3918 761 3999 legis,
783 3921 849 3980 sive
872 3920 962 3980 etiam
987 3922 1193 4001 magistratus

400 4001 457 4065 37.
464 4000 536 4061 Pro
564 4002 624 4063 hac
644 4003 819 4083 temporali
847 4003 925 4083 vita,
958 4011 1038 4083 quae
1062 4005 1129 4066 to'ta
1158 4008 1206 4066 eat
1227 4009 1260 4065 et
