3159 4792
374 546 437 613 292
546 598 549 602 .
712 549 790 602 narra
805 550 904 603 seona
924 550 956 603 r.

416 742 455 813 n)
479 736 608 811 Quoties
621 736 837 797 inculcandum
860 743 916 813 est,
938 737 968 796 in
986 736 1118 797 enoiesis
1138 743 1191 797 tua
1212 736 1297 797 nolle

416 822 531 881 versari
553 839 628 898 nos,
661 838 761 899 neque
800 838 868 880 auru
891 818 1036 900 Oopiistis
1058 822 1118 879 tuis
1140 819 1221 880 veile
1243 816 1297 880 tibi

416 903 592 964 adsentari?
625 900 705 977 Quin
735 909 766 963 tu
802 902 905 983 potius
936 901 975 963 sd
1008 904 1171 965 sanitatem
1205 900 1296 980 redis,

416 987 580 1066 proiieiens
613 987 773 1061 avaritiam
801 1005 841 1046 ex
863 985 1032 1061 esiumnia,
1074 991 1106 1046 et
1137 986 1296 1046 exsutieus

419 1087 527 1128 manns
549 1076 616 1129 tuas
638 1068 682 1129 ab
699 1070 784 1129 omni
806 1087 941 1129 munere.
1186 1134 1195 1143 ,

457 1151 558 1231 ipsum
586 1152 685 1231 ,igitur
710 1151 874 1214 Martinam
891 1150 938 1229 ¹),
977 1158 1008 1212 et
1038 1168 1240 1230 quoscunque
1268 1151 1296 1209 ei

374 1232 591 1312 adhaerentes,
624 1236 751 1313 eiusque
778 1240 987 1315 receptatores
1021 1240 1052 1295 et
1076 1233 1213 1294 fautores
1243 1252 1297 1313 per

375 1318 493 1377 viseers
515 1316 790 1391 misericordiaea)
822 1316 879 1378 Dei
910 1318 1020 1394 nostri,
1056 1324 1088 1377 et
1116 1335 1173 1397 per
1193 1335 1322 1395 asper·

374 1400 494 1460 sionem
507 1399 542 1481 b)
568 1401 726 1481 sanguinis
741 1400 864 1460 Domini
887 1400 982 1459 nostri
1004 1400 1072 1460 Iesu
1091 1398 1213 1476 Christi,
1236 1416 1310 1478 quo*

375 1489 407 1542 et
427 1502 483 1563 per
504 1501 594 1561 quem
617 1483 742 1543 humaui
763 1484 886 1563 generis
909 1480 1095 1564 redemptio,
1118 1490 1147 1542 et
1171 1488 1297 1542 sanotae
1408 1510 1410 1519 ¹

376 1567 482 1625 matris
505 1564 656 1628 eeclesiae
670 1564 845 1626 aedificatio
865 1565 947 1627 faeta
970 1573 1026 1640 est,
1051 1584 1090 1626 ex
1112 1572 1179 1626 toto
1204 1563 1297 1625 eorde

374 1648 533 1709 hortamur
554 1658 586 1709 et
607 1649 817 1727 obsecramus,
840 1656 873 1709 ut
893 1650 990 1729 ipsius
1012 1647 1163 1710 ecelesiae
1176 1666 1297 1727 paoem,

376 1732 523 1792 unitatem
547 1741 579 1791 et
599 1734 778 1810 veritatem,
813 1750 869 1811 pro
892 1751 951 1811 qua
973 1734 1041 1811 ipsa
1069 1730 1214 1793 Salvator
1235 1738 1296 1791 tam

375 1816 526 1875 instanter
546 1815 646 1875 oravit
667 1814 705 1875 ad
728 1815 866 1893 Patrem,
889 1813 1010 1875 turbare
1026 1818 1056 1889 θ)
1082 1812 1244 1893 desistant,
1268 1819 1299 1874 et

376 1917 394 1955 a
421 1896 586 1976 praedietis
624 1905 685 1957 tam
718 1899 900 1978 pernitiosis
931 1896 1085 1958 erroribus
1099 1894 1133 1967 d)
1171 1914 1298 1977 prorsus

375 1978 565 2058 abstineant,
597 1981 795 2055 inventurie)
827 1984 907 2060 apud
936 1999 1010 2057 nos,
1043 1981 1070 2040 si
1096 1966 1299 2040 effeetuaiiter

376 2063 546 2141 paruerint,
574 2069 606 2122 et
626 2064 764 2142 paruisse
793 2082 849 2143 per
871 2063 1008 2143 legitima
1029 2062 1217 2124 documenta
1239 2081 1298 2123 uos

375 2142 625 2222 aertifioaverint,
662 2152 811 2225 paternae
832 2145 859 2227 s)
894 2147 1028 2206 earitstis
1067 2144 1228 2223 effaetum,
1267 2151 1298 2205 et
1409 2162 1410 2165 ’

373 2235 512 2308 apertum
535 2227 777 2289 mansuetudinis
800 2234 831 2289 et
853 2228 1037 2290 elementiae
1057 2229 1173 2289 fontem
1187 2231 1236 2304 ε).

416 2316 452 2387 a)
476 2310 562 2371 Haee
588 2318 620 2372 te
648 2310 877 2373 misericordiae
907 2313 1026 2373 viscera
1047 2310 1175 2372 induere
1214 2311 1300 2372 iubet

415 2393 543 2473 Paulus,
566 2395 656 2454 simul
685 2394 924 2476 benignitatem,
946 2395 1164 2473 humilitatem,
1194 2393 1298 2455 mode·

417 2479 505 2537 stiam
536 2486 568 2537 et
588 2478 785 2557 patientiam,
821 2496 910 2558 quem
940 2496 998 2538 uos
1021 2477 1160 2539 videmus
1184 2495 1300 2558 magno
1408 2502 1409 2507 ¹

419 2561 510 2620 etiarn
546 2558 747 2621 cumdolore
775 2568 882 2622 nostro
926 2567 1032 2623 tonna
1054 2559 1211 2638 indutum,
1243 2580 1322 2640 pro·

418 2642 627 2702 misericordia
634 2641 856 2723 crudelitatem,
869 2662 924 2724 pro
938 2645 1086 2725 patientis
1098 2643 1301 2717 iracundiam,

417 2744 475 2806 pro
496 2725 610 2785 iustitia
631 2725 835 2804 iniquitatem,
859 2724 905 2805 et,
928 2734 961 2788 ut
982 2728 1078 2788 semei
1101 2726 1221 2801 dieam,
1243 2745 1300 2807 pro

419 2807 579 2868 virtutibus
589 2809 673 2890 vitia,
684 2807 715 2869 id
727 2816 784 2888 est,
797 2829 853 2890 pro
866 2810 988 2872 Christo
1002 2810 1069 2871 Deo
1078 2808 1301 2871 Autiehristum
1407 2850 1408 2859 η

417 2890 584 2953 diabolum.

419 2974 456 3056 b)
480 2974 582 3055 Miror,
605 2975 675 3035 talis
698 2992 765 3035 eum
788 2976 849 3053 sis,
881 2975 959 3037 haee
980 2994 1074 3057 posse
1095 2975 1181 3056 loqui
1204 2982 1236 3037 te
1257 2976 1302 3035 iu-

419 3059 518 3134 terim,
539 3058 584 3118 sie
604 3055 732 3137 fingere,
754 3058 799 3119 sio
820 3059 964 3121 simulare
986 3066 1017 3120 et
1038 3057 1245 3119 dissimulare.

418 3140 454 3222 a)
479 3140 592 3202 Seoure
614 3141 679 3200 vult
700 3160 830 3221 regnare
852 3141 1014 3220 Decimus,
1037 3140 1091 3203 sed
1116 3160 1247 3220 vereor,
1269 3146 1303 3202 ut
1406 3162 1407 3167 ¹

418 3224 525 3303 possit,
548 3224 594 3284 sie
613 3231 769 3284 commota
790 3224 963 3285 Germania.
990 3246 1001 3265 ‘

419 3305 456 3380 d)
482 3304 603 3386 Quippe
636 3306 718 3366 unde
744 3307 842 3367 fames
877 3315 922 3369 tot
950 3306 1303 3386 Reverendissimorurn,

419 3396 451 3451 et
470 3390 597 3469 penuria
617 3390 676 3469 ipsi
698 3389 832 3451 Domino
854 3390 1014 3452 imminet?

419 3476 454 3548 a)
479 3470 581 3532 Facile
603 3471 754 3533 oredimus
777 3480 932 3548 emturum,
949 3473 1053 3554 magni
1076 3478 1117 3551 te,
1139 3479 1173 3532 ut
1194 3489 1303 3533 verum

418 3562 590 3631 taoeamns,
623 3554 738 3635 tibique
761 3559 972 3635 permittentes
994 3574 1122 3637 regnum
1154 3556 1213 3635 ipsi
1238 3574 1304 3616 om·

419 3658 474 3699 nes
496 3646 559 3698 tam
580 3636 687 3716 iniquo
711 3636 844 3700 Domino
867 3641 1036 3701 serviamus
1060 3638 1123 3699 tibi.

417 3722 446 3799 f)
471 3723 580 3802 Apage
601 3721 642 3780 sis
665 3722 822 3783 caritatem
847 3731 945 3801 taam,
978 3722 1069 3783 Pater
1089 3720 1170 3800 Leo,
1208 3739 1304 3800 quarn

418 3806 531 3864 seimus
553 3803 651 3883 qualis
674 3805 723 3865 sit·
764 3852 767 3856 .
830 3836 842 3849 ·=

418 3886 458 3968 g)
481 3886 670 3947 Clementiae
707 3894 739 3948 et
772 3886 1012 3948 mansuetudinis
1046 3886 1163 3947 fontem
1202 3884 1306 3945 audes

416 3968 520 4029 disere
543 3968 592 4030 tei
614 3968 863 4048 Oiuiquitatern.
907 3972 949 4031 At
969 3976 1052 4029 oerte
1073 3970 1122 4029 isti
1146 3974 1215 4029 snut
1235 3969 1307 4029 fon-

381 4070 783 4085 ῦ--ε--ι--η--ι-ο--ίοαι

450 4097 480 4160 1)
500 4094 530 4146 ln
549 4095 614 4151 edit.
631 4094 710 4171 dem:
729 4082 886 4148 Lntherurn.
