3159 4792
557 477 929 566 'aeriaraauumusna
1146 509 1208 576 241

180 684 181 687 ¹
283 695 396 756 batum
420 703 469 762 est
489 696 667 776 perimpios'
688 699 884 778 magistros),
906 698 1074 760 inamabile
1095 697 1208 760 malum

284 785 346 855 ast,
371 786 406 840 et
434 777 571 841 infinitos
591 780 869 860 irrecuperabiliter
901 781 1020 843 seducit
1041 800 1078 842 ac
1099 781 1208 860 perdit.

282 861 386 937 Quare
409 863 467 923 atsi
487 861 602 924 bonum
624 870 687 942 est,
710 863 749 924 de
771 865 980 944 poenitentia,
1004 864 1209 941 confessione,

281 944 496 1006 satisfactione
530 945 709 1026 praedicare
743 948 944 1027 asscribere,
978 948 1005 1008 si
1035 954 1138 1008 tamen
1159 947 1211 1008 hic

281 1028 425 1105 sistatur,
459 1035 491 1088 et
524 1048 588 1090 non
611 1029 650 1089 ad
673 1028 765 1090 fidem
788 1049 886 1109 usque
908 1030 1080 1092 docendam
1102 1049 1209 1110 proce·

279 1109 380 1188 datur,
402 1112 469 1172 sine
491 1111 583 1174 dubio
599 1112 796 1192 deceptoriae
811 1124 841 1174 et
854 1113 1026 1176 diabolicae
1040 1122 1111 1174 sunt
1133 1113 1205 1174 doc·

281 1195 393 1254 trinae.
436 1193 488 1255 Sic
514 1197 596 1255 enim
619 1195 755 1257 Christus
791 1216 860 1256 cum
889 1216 944 1258 suo
977 1196 1115 1257 Iohanne
1140 1215 1210 1256 ¹non

275 1275 388 1338 ,solum
411 1276 503 1338 dixit:
526 1277 749 1340 Paenitentiam
772 1281 865 1360 agite,
888 1279 944 1340 sed
965 1279 1120 1358 addidit¹)
1145 1299 1210 1340 ver·

284 1358 357 1419 bum
381 1357 454 1420 iidei
472 1359 597 1421 dicens:
620 1362 1028 1444 Appropiuquabitreguum
1043 1363 1210 1424 coetorum.

367 1442 438 1503 Nou
462 1445 543 1504 enim
565 1444 694 1505 alterum
718 1453 850 1522 tautum,
883 1446 938 1506 sed
962 1455 1122 1524 utrumque
1145 1465 1208 1506 ver·

281 1526 357 1587 bum
378 1525 438 1586 Dei
458 1527 699 1606 praedicandum
727 1536 790 1606 est,
823 1549 907 1589 nova
929 1536 960 1590 et
982 1537 1088 1590 vetera
1109 1527 1208 1608 prof·

281 1609 380 1670 reuda
403 1608 442 1669 de
464 1610 626 1689 thesauro,
669 1618 732 1672 tam
754 1630 817 1678 vox
839 1612 943 1698 legis„
969 1631 1058 1692 quam
1082 1611 1208 1673 verbum

284 1694 416 1772 gratiae.
460 1693 577 1754 Vocem
600 1694 677 1774 legis
700 1695 828 1774 proferri
852 1701 991 1775 oportet,
1019 1702 1053 1755 ui
1076 1703 1209 1755 terrean-

283 1785 345 1853 tur,
369 1776 453 1835 etin
475 1795 599 1836 suorum
622 1786 819 1856 peccatorum
842 1779 994 1840 notititam
1017 1777 1209 1853 reducantur,

282 1867 314 1920 et
340 1857 415 1918 inde
447 1857 487 1918 ad
520 1861 743 1939 poenitentiam
766 1867 798 1922 et
818 1862 979 1922 meliorem
1006 1863 1089 1921 vitae
1118 1861 1209 1920 ratio-

282 1962 354 2002 uem
377 1948 605 2004 convertantur.
649 1942 709 2004 Sed
732 1962 795 2004 nou
815 1943 866 2004 hic
895 1943 1063 2004 sistendum
1077 1943 1127 2026 ²),
1149 1943 1210 2002 hoc

282 2025 365 2086 enirn
388 2032 471 2086 esset
491 2025 592 2086 solum
614 2026 775 2088 vulnerare
796 2034 827 2088 et
848 2045 910 2087 uon
935 2027 1076 2107 alligare,
1104 2045 1209 2107 percu-

282 2117 349 2170 tere
370 2114 403 2169 et
422 2127 487 2168 uon
507 2128 633 2188 sanare,
662 2109 805 2171 occidere
828 2116 859 2170 et
881 2129 944 2170 non
965 2109 1136 2185 vivificare,
1160 2109 1209 2170 de-

283 2191 397 2252 ducere
418 2190 593 2252 adiutores
615 2200 646 2252 et
658 2211 721 2252 non
731 2191 890 2271 reducere,
912 2192 1071 2254 humiliare
1093 2200 1124 2253 et
1145 2210 1207 2252 nou

180 2296 181 2351 j
282 2274 431 2336 assitme.
473 2272 550 2336 Ideo
572 2281 604 2338 et
631 2275 757 2335 verbum
780 2276 898 2354 gratiae
919 2283 951 2335 et
971 2277 1142 2356 promissae
1164 2295 1208 2334 re·

283 2359 456 2433 missionis,
477 2358 517 2418 ad
540 2357 712 2419 docendam
735 2365 766 2418 et
787 2358 964 2438 erigendam
987 2357 1095 2432 tidem,
1123 2377 1208 2437 prae·
1267 2427 1269 2434 Ι

282 2441 378 2502 dicari
400 2440 502 2516 debet,
522 2442 590 2501 sine
613 2441 758 2520 quolex,
780 2443 940 2519 contritio,
955 2442 1155 2522 poenitentia,
1178 2449 1210 2501 at

282 2525 389 2586 omnia
411 2524 472 2584 alia
492 2523 605 2592 frustra
626 2523 703 2585 fiunt
724 2539 755 2584 et
778 2523 938 2586 docentur.

367 2607 539 2686 Supersunt
567 2607 690 2685 quidem
721 2606 823 2668 adhuc
852 2607 1079 2688 praedicatores
1102 2609 1207 2688 poeni·

282 2693 402 2752 tentiae
420 2698 452 2750 et
472 2689 606 2770 gratiae,
629 2690 683 2752 sed
707 2710 770 2752 uon
793 2691 950 2771 explicant
972 2693 1028 2752 Dei
1050 2691 1151 2772 legem
1177 2699 1209 2751 et

283 2773 522 2854 promissionem
543 2792 581 2834 eo
602 2773 665 2834 fine
680 2783 711 2834 et
732 2775 849 2854 spiritu,
867 2781 899 2834 ut
911 2774 987 2835 disci
1002 2781 1102 2854 queat,
1127 2774 1209 2834 unde

282 2858 476 2937 poenitentia
489 2867 520 2916 et
529 2857 628 2937 gratia
641 2859 775 2919 veniant.
786 2851 982 2923 Paenitentia
994 2859 1074 2918 enim
1087 2858 1209 2936 exlege

282 2941 350 3018 Dei,
375 2939 432 3001 sed
444 2938 521 3020 fides
533 2959 586 3000 seu
600 2943 699 3020 gratia
715 2960 754 3000 ex
768 2942 973 3020 promissione
985 2941 1044 2998 Dei
1056 2941 1209 3019 provenit,

283 3026 364 3086 sicut
384 3023 557 3085 dicitRom.
581 3027 635 3088 10:
659 3023 749 3085 Fides
763 3043 803 3083 ex
823 3023 938 3100 auditu,
961 3021 1081 3084 auditus
1105 3029 1207 3080 autem

285 3127 341 3186 per
362 3107 493 3168 verbum
513 3106 636 3185 Christi,
658 3126 719 3186 quo
743 3105 787 3184 iit,
809 3113 842 3165 ut
860 3107 955 3169 homo
976 3124 1030 3186 per
1051 3103 1143 3164 fidem
1167 3103 1208 3163 di·

286 3192 379 3252 vinae
402 3190 614 3270 promissionis
637 3190 815 3252 consoletur
837 3197 869 3250 et
892 3189 1059 3266 exaltetur,
1082 3189 1132 3268 qui
1155 3206 1210 3268 per

285 3276 384 3334 minas
418 3280 451 3333 et
481 3274 620 3334 timorem
644 3273 721 3354 legis
755 3273 877 3332 divinae
905 3272 1081 3333 humiliatus
1126 3281 1158 3330 st
1178 3272 1208 3329 iu

284 3359 331 3417 sui
355 3357 567 3436 cognitionem
588 3357 753 3436 perductus
777 3363 834 3418 est.
864 3356 915 3416 Sic
938 3356 1018 3416 Psal.
1042 3355 1137 3428 29³):
1160 3354 1209 3413 Ad

180 3510 181 3515 η
285 3459 448 3519 vesperum
472 3438 680 3500 demorabitur
701 3439 807 3516 fletus,
830 3447 861 3500 et
882 3438 922 3499 ad
946 3439 1126 3499 matutinum
1149 3436 1209 3496 lac·

285 3524 360 3585 titia.
404 3521 490 3582 Haec
512 3521 594 3582 dicta
615 3524 677 3583 sint
698 3523 738 3583 de
752 3523 896 3602 operibus
919 3523 949 3582 iu
972 3540 1096 3602 genere,
1121 3527 1151 3578 et
1172 3521 1208 3576 si-

286 3605 348 3666 nrui
370 3606 410 3666 de
432 3606 488 3684 iis,
522 3624 602 3684 quae
637 3606 828 3682 Christianus
862 3607 894 3666 iu
916 3606 1075 3686 proprium
1097 3621 1209 3682 corpus

286 3697 484 3834 exereffitiimo
508 3779 539 3833 et
559 3770 598 3832 de
619 3769 696 3846 iis4)
722 3771 877 3849 dicemus,
912 3788 991 3850 quae
1018 3787 1092 3850 erga
1108 3768 1209 3848 proxi-

360 3948 388 4009 1)
406 3945 439 3996 ln
458 3943 524 3998 edit.
543 3943 631 3999 taur:
651 3941 736 3995 addit.
773 3941 805 4002 2)
826 3941 945 3998 Ibidem:
973 3939 1094 3992 hicnon
1114 3941 1210 3992 sisten-

285 4016 360 4071 dum.
398 4015 432 4083 3)
453 4017 484 4069 lu
501 4015 545 4069 ed.
566 4016 641 4069 ica:
662 4015 705 4070 30.
742 4013 775 4083 4)
797 4015 829 4066 In
848 4013 890 4067 ed.
910 4011 992 4068 1521:
1014 4011 1065 4064 his.

308 4122 402 4166 authen
415 4132 468 4172 app.
484 4122 512 4165 V.
524 4122 553 4162 A.
569 4121 599 4160 ad
611 4120 652 4162 rat.
667 4119 722 4161 hist.
737 4120 753 4160 i.
766 4130 789 4170 p.
804 4120 853 4161 Vol.
868 4119 906 4159 1v.
1099 4097 1139 4163 16
