3159 4792
665 505 700 561 de
718 506 841 565 homine.
1158 504 1222 571 t1t

365 692 414 756 16.
433 690 512 767 liam
546 691 730 758 Aristoteles
766 691 852 771 qnod
882 711 952 755 eam
985 690 1093 753 delinit
1116 698 1220 755 aean

176 850 180 857 ι
298 775 436 855 primum
452 776 591 855 eorporis
602 776 708 836 vivere
718 777 866 855 potentis,
876 776 968 836 etiam
982 774 1112 837 illudere
1124 776 1223 839 voluit

297 856 433 923 latores
453 864 484 918 et
505 858 670 922 auditores.

363 944 411 1005 17.
434 941 501 1003 Nee
520 961 591 1022 spes
625 948 689 1020 ent,
723 941 880 1005 homiuem
909 942 940 1002 in
969 941 1027 1007 liae
1053 943 1221 1022 praeeipaa

298 1030 387 1105 parte
409 1043 478 1085 sese
500 1024 881 1108 posseoognosoerequid
904 1026 953 1102 sit,
974 1024 1119 1087 doneoin
1133 1025 1220 1088 tonte

297 1108 378 1187 ipso,
400 1108 453 1185 qui
474 1108 557 1169 Deus
581 1114 637 1186 est,
659 1126 730 1169 sese
751 1107 870 1171 viderit.

363 1191 412 1254 18.
433 1190 475 1249 Et
494 1190 578 1269 quod
592 1190 767 1261 miserabile
787 1197 845 1270 eat,
866 1209 927 1251 nee
946 1192 993 1254 sui
1015 1191 1145 1268 oonsilii,
1167 1197 1221 1253 aut

298 1274 509 1355 cognitionum
526 1272 558 1356 1)
582 1275 705 1354 plenam
728 1280 760 1337 et
780 1281 896 1335 sertam
917 1274 1013 1335 habet
1022 1278 1220 1355 potestatem,

298 1356 353 1417 aed
374 1358 407 1415 in
428 1356 475 1418 his
499 1356 638 1419 subieeta
659 1363 708 1419 est
728 1357 813 1419 assui
835 1363 867 1418 et
889 1358 1027 1421 vanitati.

363 1442 409 1504 19.
433 1439 495 1501 Sed
519 1440 619 1519 qualis
637 1448 687 1520 eat
707 1440 787 1501 haeo
800 1442 872 1518 vita,
894 1441 1027 1505 taliaest
1039 1438 1218 1521 (1411111101)

298 1530 330 1583 et
352 1524 488 1603 eognitio
511 1524 660 1603 hominis,
696 1523 758 1585 hoe
790 1530 853 1602 est,
886 1525 1015 1604 exigua,
1044 1522 1161 1585 latrina
1183 1530 1222 1585 at

297 1606 393 1667 nimio
416 1607 593 1670 materialis.
829 1658 833 1663 ,

362 1692 411 1757 20.
434 1689 607 1770 Theologia
639 1707 714 1751 vero
751 1688 790 1752 de
805 1725 809 1732 ·
823 1688 1017 1769 plenitudine
1048 1690 1219 1769 sapientiae

297 1790 373 1840 snae
394 1771 550 1833 hominem
573 1772 671 1838 totum
694 1778 727 1833 et
745 1772 915 1853 perfeetum
936 1771 1052 1837 definit.

360 1858 411 1919 21.
435 1854 576 1933 Scilicet,
621 1854 704 1933 quod
746 1855 841 1920 homo
885 1862 933 1917 est
973 1862 1115 1918 ereatura
1151 1854 1219 1931 Dei,
1317 1839 1323 1849 .

297 1956 392 1999 earne
428 1944 460 1999 at
492 1940 594 2001 anima
628 1939 764 2018 spirante
795 1945 960 2016 nonanus,
992 1939 1031 2001 ab
1059 1939 1146 2001 initio
1179 1937 1218 1997 ad

298 2022 466 2102 imaginem
489 2022 546 2083 Dei
569 2022 668 2099 laeta,
692 2022 759 2083 sine
781 2028 928 2102 peceato,
950 2028 984 2083 ut
1001 2029 1166 2103 generaret
1185 2029 1220 2083 et

295 2104 388 2165 rebus
411 2103 631 2182 dominaretur,
653 2123 713 2165 neo
735 2124 869 2183 unquam
892 2113 1074 2168 moreretur.

358 2190 408 2253 22.
429 2188 505 2249 Post
531 2188 653 2269 lapsum
685 2206 759 2248 vero
783 2187 870 2249 Adae
902 2188 1041 2252 sobieata
1071 2188 1218 2267 potestati

297 2271 423 2354 diaboli,
447 2281 576 2351 peoeato
600 2278 632 2332 et
653 2271 756 2349 morti,
778 2272 1003 2351 utroquemalo
1026 2272 1088 2332 sais
1104 2269 1218 2335 sinibus

296 2352 507 2435 insuperabili,
532 2361 564 2415 et
585 2360 724 2415 aeterno.

359 2440 410 2503 23.
431 2438 499 2499 Neo
518 2439 577 2499 nisi
599 2456 654 2519 per
683 2436 779 2499 filium
802 2437 860 2498 Dei
879 2436 980 2497 lesum
1003 2437 1156 2499 Christum
1182 2436 1221 2496 li-

296 2522 433 2583 beranda
464 2520 507 2603 (si
537 2520 643 2581 eredat
674 2522 706 2581 in
737 2518 828 2604 eum)
863 2528 895 2581 at
927 2520 1010 2582 vitae
1040 2522 1222 2584 aeternitate

296 2604 454 2667 donanda.

357 2690 409 2753 24.
433 2686 550 2761 Quibus
573 2686 726 2749 stantibus
748 2686 955 2767 puloherrima
981 2686 1037 2748 illa
1063 2686 1220 2749 et-exeal·

297 2772 468 2833 lentissima
489 2789 538 2831 res
561 2790 677 2847 rerum,
711 2777 826 2849 quanta
848 2775 895 2830 est
915 2771 993 2830 ratio
1017 2777 1089 2850 post
1110 2788 1219 2849 penea-

297 2862 373 2931 tnm,
397 2855 506 2917 relieta
528 2854 583 2915 sub
607 2859 764 2933 potestate
783 2852 909 2931 diaboli,
931 2858 1035 2914 tamen
1057 2871 1127 2913 esse
1147 2871 1219 2913 oon-

297 2938 440 3001 aluditur.
622 3000 627 3009 ¹

361 3024 410 3085 25.
435 3020 476 3081 Ut
498 3016 593 3079 homo
619 3025 702 3080 totus
724 3026 756 3079 et
779 3019 896 3096 omnia,
925 3018 991 3079 sive
1013 3016 1053 3078 eit
1071 3035 1147 3093 rex,
1169 3015 1222 3078 do·

299 3106 417 3181 minus,
441 3121 567 3181 servus,
602 3104 744 3183 sapiens,
775 3103 893 3178 iustus,
926 3109 957 3161 et
985 3099 1096 3179 quibus
1118 3106 1222 3179 potest

297 3188 386 3249 huius
410 3188 493 3247 vitae
516 3185 605 3246 bonis
634 3185 809 3262 extollere,
840 3191 944 3247 tamen
972 3185 1011 3248 sit
1041 3189 1074 3243 at
1092 3190 1219 3247 maneat

297 3270 419 3353 peeeati
442 3276 473 3331 et
494 3270 601 3331 mortis
624 3288 704 3346 reus,
727 3267 783 3331 sub
806 3266 1129 3349 diabolonppresaus.

360 3356 411 3417 26.
433 3352 537 3427 Quare
557 3353 593 3429 ii,
632 3354 683 3431 qui
706 3351 813 3413 dieunt
832 3350 984 3414 naturalia
1002 3358 1083 3433 past
1098 3350 1219 3431 lapsum

297 3438 485 3499 remansisse
521 3437 655 3517 integra,
687 3436 781 3516 impie
815 3434 1072 3515 philosophantur
1111 3439 1220 3495 eontra

296 3521 498 3600 theologiam.

362 3607 411 3668 27.
435 3602 582 3665 Similiter
602 3602 653 3681 qni
665 3600 778 3679 dieunt,
801 3599 956 3662 hominem
968 3598 1120 3676 laniendo,
1135 3597 1218 3675 quod

299 3686 329 3746 in
354 3704 388 3747 se
412 3695 469 3764 est,
492 3704 586 3766 posse
607 3684 716 3745 mereri
738 3684 868 3764 gratiam
890 3684 949 3744 Dei
971 3692 1003 3744 et
1024 3683 1127 3742 vitam.

362 3770 412 3833 28.
435 3770 521 3848 ltem,
545 3768 597 3848 qui
618 3766 819 3829 Aristotelem
849 3764 942 3848 (nihil
970 3765 1009 3827 de
1036 3764 1216 3844 theologiae

376 4032 406 4095 1)
426 4029 457 4083 Ia
479 4029 522 4083 ed.
542 4026 620 4083 ten:
639 4028 834 4097 cognitionem.
877 4022 910 4091 2)
931 4020 1015 4079 Ibida
1034 4030 1062 4079 et
1081 4023 1218 4087 definitio.
