3159 4792
364 1308 599 1403 Gonfitendi
628 1305 757 1401 Retio
801 1308 849 1398 D.
879 1302 1060 1399 Martini
1094 1305 1288 1400 Lutheri.

718 1510 906 1522 .-.-.-.-.-..--·

463 1608 619 1698 liutherus
652 1656 763 1711 vanae,
799 1655 878 1716 quoe
912 1645 985 1696 tuno
1020 1638 1168 1716 temporis
1190 1645 1289 1714 erunt

362 1722 401 1783 de
425 1720 620 1782 oonieseione
643 1721 806 1799 opiniones
836 1719 1026 1799 diupuluuruu
1048 1727 1142 1798 utque
1162 1720 1289 1780 Christi-

363 1824 440 1866 unou
469 1805 508 1864 ud
541 1824 613 1863 vere
645 1801 855 1863 confitendum
882 1801 1068 1861 adducturus
1096 1822 1178 1863 euno
1207 1806 1290 1868 1520

365 1888 422 1967 (os.
437 1887 524 1949 Luth.
541 1886 620 1966 Epp.
638 1885 686 1945 ed.
701 1885 799 1945 Aurif.
821 1886 836 1946 l
857 1905 887 1964 p.
911 1887 969 1948 231
993 1893 1025 1945 et
1046 1886 1133 1949 252³&
1155 1887 1226 1949 254.
1249 1886 1291 1946 de

363 1970 469 2029 wore
500 1970 513 2029 1
546 1988 575 2048 p.
598 1970 657 2031 eoo
687 1976 718 2027 et
746 1988 774 2047 p.
797 1970 867 2032 430.
890 1967 981 2047 433.)
1020 1968 1156 2028 {uenum
1191 1968 1290 2029 tortu
1397 1991 1398 2034 ;

364 2052 403 2111 de
426 2051 655 2113 confitendi
677 2052 849 2110 ratione.
894 2054 924 2110 ln
948 2070 987 2111 eo
1010 2051 1126 2128 libello,
1149 2070 1209 2128 quo
1234 2072 1287 2111 ve-

364 2154 417 2195 ruo
441 2135 645 2195 eonfessionis
670 2142 808 2193 naturum
839 2134 991 2213 expliout,
1028 2133 1129 2193 adhuc
1150 2135 1286 2194 titubans

365 2226 453 2277 extre
475 2214 595 2297 coptum
627 2235 714 2276 suum
744 2236 814 2276 esse
836 2216 924 2291 dioit,
957 2236 995 2276 an
1026 2225 1162 2295 peooutu
1182 2217 1287 2277 oordiu

366 2302 488 2361 ooonitu
510 2319 548 2360 uo
568 2301 613 2359 sio
630 2299 688 2360 soli
701 2300 768 2360 Deo
790 2308 822 2359 et
839 2300 966 2376 homini,
990 2300 1041 2378 qui
1055 2319 1093 2359 eu
1108 2300 1190 2374 seuit
1212 2309 1291 2360 noto
1397 2329 1398 2348 κ

367 2384 520 2445 sacerdoti
546 2385 606 2443 sint
641 2382 835 2458 oonfltendu,
870 2382 956 2442 addit
977 2401 1011 2443 ue
1033 2381 1063 2440 id
1086 2381 1291 2445 libentissime

365 2485 479 2545 negare
501 2466 600 2543 vello,
636 2473 667 2525 et
690 2467 876 2545 suspicetur,
912 2472 1009 2528 totum
1031 2465 1063 2523 id
1084 2466 1290 2526 confessionis

365 2549 527 2627 peculiaris
539 2550 696 2607 inventum
719 2567 940 2626 esseorum,
956 2549 1108 2609 ouriosum
1134 2556 1165 2608 et
1186 2557 1288 2628 tyrun-

365 2632 484 2709 niourn3
521 2632 648 2690 abusum
679 2632 769 2689 etium
793 2633 823 2690 in
845 2633 1057 2691 reservatione
1078 2649 1204 2690 ousunm
1225 2633 1289 2691 ium

212 2740 216 2749 ¹
302 2776 304 2781 ,
367 2721 429 2771 tum
453 2720 616 2793 penetrare
646 2716 764 2793 eoepit,
798 2715 870 2773 item
894 2722 968 2774 voto
1008 2715 1158 2773 uastitatis
1181 2724 1291 2775 censet

367 2795 428 2855 obli
454 2797 497 2855 uri
520 2815 582 2857 non
607 2795 719 2857 debere
742 2797 906 2872 musculos,
929 2798 980 2876 qui
1003 2798 1051 2860 18.
1074 2796 1124 2856 vel
1146 2800 1207 2872 20„
1231 2808 1286 2857 uut

363 2817 498 2958 puellus,
532 2898 611 2959 quoe
636 2883 682 2942 to.
706 2878 755 2938 vel
779 2882 827 2942 16.
851 2882 961 2939 aetatis
994 2898 1108 2939 annum
1146 2880 1287 2940 nondum

362 2961 558 3041 impleverint
581 2961 750 3036 (Seolrend.
786 2962 865 3023 Hiut.
901 2962 990 3022 Luth.
1017 2962 1083 3023 Iud.
1118 2962 1168 3023 111.
1190 2964 1231 3022 od
1257 2983 1287 3024 a.

443 3128 501 3187 Hio
523 3128 662 3204 libellus,
684 3128 814 3206 primurn
837 3128 933 3187 latine
955 3127 1074 3207 editus,
1097 3127 1209 3188 deiude
1231 3149 1288 3208 per
1396 3157 1397 3160 ¹

361 3208 552 3288 Spoletinum
574 3212 604 3269 in
627 3211 763 3290 linguatu
776 3212 984 3291 germanicum
1007 3212 1184 3287 translatus,
1206 3219 1286 3271 utre

362 3310 421 3371 que
444 3292 550 3372 lingua
571 3294 652 3373 typis
676 3294 800 3371 saepius
823 3291 871 3353 est
891 3293 1049 3372 repetitus.

443 3376 680 3435 Vetustissimue
703 3372 854 3436 editiones
876 3383 947 3436 sunt

378 3461 417 3533 u)
443 3458 571 3518 lutinue:

445 3539 619 3602 Confitendi
653 3542 730 3601 ratio
761 3541 905 3601 Dootoris
936 3540 1057 3601 Martini
1079 3540 1203 3601 Lutheri
1225 3542 1287 3602 Au·

441 3624 606 3703 gustiuiuni
648 3623 937 3704 Wittenbergeneis.
1001 3622 1111 3705 (Tituli
1161 3626 1287 3705 paginus,

442 3707 537 3786 signis
559 3706 788 3785 typographiois
811 3726 873 3765 non
888 3712 1007 3782 ornatu,
1030 3725 1088 3765 neo
1109 3706 1285 3768 looumneo

442 3808 554 3848 annum
577 3789 721 3858 indicat).
743 3788 778 3849 ln
797 3788 873 3849 fine:
896 3789 1138 3869 Vuittenbergue
1158 3790 1190 3849 in
1202 3790 1284 3851 oedi-

443 3871 497 3929 bus
519 3872 609 3934 loun.
635 3870 868 3951 Grunenbergii.
911 3873 1003 3931 Anno
1026 3872 1066 3935 Μ.
1089 3872 1126 3933 D.
1151 3872 1217 3933 XX.

929 3954 1065 4029 (Ponzer
1085 3954 1144 4032 IX,
1166 3958 1237 4030 75.)
