3159 4792
589 498 623 553 de
641 504 710 555 uoto
727 499 905 571 religionum.
951 576 953 582 Ι
1144 500 1207 567 353

321 687 352 747 7.
375 681 466 759 Quod
489 683 590 745 aolum
610 684 764 765 propheta
791 686 824 745 in
852 686 973 766 paalmo
1000 690 1077 769 petit
1099 708 1119 749 a
1140 688 1206 751 Do·
1313 678 1324 687 ⁶

278 768 375 843 mino,
400 773 432 827 et
453 766 591 828 Christus
612 766 719 829 laudat
740 770 772 828 in
794 768 991 849 Magdalena.

279 931 299 991 b
320 849 354 914 8.
375 848 458 910 Nihil
480 851 554 911 iuria
574 869 650 932 ergo
673 858 721 913 eat
756 850 810 914 ulli
833 863 993 915 creaturae
1014 854 1046 913 in
1066 854 1147 915 hane
1168 855 1202 915 li-

300 938 443 996 erlatem.
975 984 986 993 ,
1201 982 1204 989 .

320 1016 352 1079 9.
374 1014 439 1075 Nee
468 1016 499 1077 in
530 1024 635 1103 munu'
656 1018 721 1077 eiua
753 1016 920 1099 quidquam
949 1019 981 1079 in
1012 1019 1066 1080 ille
1088 1027 1206 1081 mutare

278 1104 334 1158 unt
355 1098 602 1177 superordinare.
1200 1138 1203 1150 ·

324 1183 374 1245 10.
394 1180 461 1242 Neo
488 1182 612 1245 dubium
642 1189 711 1261 eat,
741 1189 849 1245 autore
875 1184 989 1264 Paulo,
1023 1187 1096 1265 quin
1120 1187 1204 1246 Dauo

277 1262 364 1408 illqm
386 1266 491 1345 exigat
517 1267 548 1325 in
571 1265 730 1344 omnibns,
766 1286 841 1348 prae
873 1268 1034 1348 omnibus,
1068 1268 1107 1330 ab
1139 1288 1205 1330 om-

278 1366 312 1407 m
334 1366 381 1409 ua.
590 1400 599 1410 .

323 1433 373 1493 11.
409 1430 451 1491 Ut
483 1437 545 1491 tam
578 1430 769 1511 impossibile
802 1433 843 1493 sit
882 1433 982 1513 ipaum
1022 1452 1204 1515 agnoscere,

280 1512 426 1593 quioquid
446 1514 537 1574 aliter
557 1514 671 1575 laetum
692 1514 805 1578 fuerit..

322 1598 371 1659 12.
394 1594 492 1674 Quam
509 1597 699 1677 impossibile
721 1606 780 1677 est,
802 1605 836 1659 ut
851 1618 886 1661 ue
902 1598 1002 1679 ipsum
1026 1606 1129 1681 neget,
1151 1609 1205 1661 aut

280 1678 407 1740 verbum
428 1699 515 1742 anum
537 1688 674 1742 revocet.
995 1726 999 1731 »

322 1765 372 1827 13.
396 1762 548 1842 Sequitur,
569 1772 644 1823 vota
665 1762 741 1824 tulia
761 1782 831 1825 ease
854 1771 1009 1846 oportere,
1033 1785 1113 1845 quae
1134 1766 1205 1827 huie

279 1845 412 1914 libertati
433 1862 497 1912 non
518 1852 702 1927 repugnent.

322 1930 371 1991 14.
393 1928 481 1989 Talia
502 1935 605 1989 autem
627 1948 690 1989 non
712 1936 802 2008 aunt,
823 1930 881 1990 nisi
904 1929 1002 1992 libera
1023 1932 1099 2012 nint,
1122 1950 1205 1992 nune

280 2014 408 2088 servari,
429 2030 510 2072 nune
530 2012 631 2073 omitti
653 2013 805 2093 potentia.

321 2094 525 2160 tosconstat
547 2095 629 2155 enim
655 2102 764 2173 votas
781 2095 875 2172 luein,
910 2098 1069 2177 personia,
1101 2097 1204 2178 rebua,

280 2176 436 2258 operibus,
458 2184 568 2239 natura
587 2197 645 2239 aua
665 2197 735 2239 ease
756 2176 860 2243 affixa.

181 2267 182 2290 ³
323 2263 373 2325 16.
396 2260 612 2342 Virginitatem
624 2263 707 2322 enim
729 2279 845 2322 vovere
858 2259 933 2320 nihil
954 2268 1014 2343 eoi,
1031 2264 1091 2323 niai
1115 2264 1206 2343 operi

279 2350 310 2405 et
330 2362 486 2423 personae
506 2362 577 2405 oeae
597 2342 734 2426 ailigere.

321 2448 370 2509 17.
394 2443 497 2519 Quare
523 2464 587 2512 non
608 2450 714 2525 potent
741 2446 786 2506 aie
814 2445 937 2523 voveri,
974 2446 1047 2525 quin
1076 2442 1202 2509 libertas

280 2536 406 2588 maneot
426 2546 496 2589 eam
517 2526 721 2607 relinquendi.

321 2629 372 2691 18.
396 2628 521 2709 Alioqui
551 2636 660 2689 eontra
689 2628 862 2689 libertatem
890 2631 1067 2691 necessario
1089 2626 1207 2692 adhue

278 2718 362 2772 retur
381 2711 438 2790 illi,
461 2711 545 2791 quod
565 2712 773 2794 neeessariam
796 2728 860 2771 non
883 2717 939 2773 eat.
1168 2731 1170 2739 ’

321 2813 372 2875 19.
395 2811 453 2871 Hie
474 2812 550 2873 nihil
572 2831 628 2873 eoa
649 2813 745 2891 iuvat,
768 2810 852 2891 quod
876 2810 1031 2892 Apostolo
1053 2814 1201 2892 magistro

278 2896 438 2975 virginitas
461 2894 571 2956 melior
592 2902 640 2955 eei
661 2895 816 2975 coningio.

319 2998 370 3059 20.
392 2994 463 3057 Non
485 2994 558 3075 quid
579 2994 694 3056 bonum
716 3001 770 3055 aut
793 2992 915 3071 mellus,
937 2994 993 3055 aed
1015 2993 1088 3074 quid
1111 3012 1201 3075 opor·

278 3085 343 3140 teat
365 3085 397 3139 et
417 3098 481 3139 non
504 3084 647 3159 oporteat
666 3076 743 3157 fieri,
765 3078 930 3157 quaeritur.

319 3182 371 3244 21.
392 3179 513 3239 Bonum
532 3179 717 3259 coniugium,
740 3178 1047 3259 meliortvirginitam
1070 3174 1126 3237 uad
1148 3194 1201 3257 op·

278 3263 355 3323 tima
376 3260 449 3323 fidei
471 3262 606 3324 libertae.

319 3365 372 3427 22.
393 3362 576 3444 Coniugium
604 3380 669 3424 nun
690 3362 914 3439 neceesarium,
948 3362 1107 3443 virginitas
1138 3378 1201 3421 non

278 3448 464 3525 neucesaria,
486 3446 541 3507 ead
563 3447 739 3507 necessarie
759 3446 896 3507 libertae.

318 3550 371 3626 23.
394 3546 435 3608 111
455 3566 530 3630 ergo
553 3564 612 3607 neo
632 3545 748 3607 bonum
770 3552 897 3627 propter
918 3546 1037 3624 melius,
1058 3563 1117 3606 neu
1138 3562 1200 3604 me

278 3631 337 3691 liua
361 3635 489 3710 propter
509 3631 658 3709 optimum
682 3636 730 3690 eet
751 3629 952 3709 perdendum.

318 3730 370 3795 24.
394 3730 440 3791 lta
464 3731 559 3794 multo
582 3730 716 3791 maxime
739 3731 967 3809 neeessarium,
989 3734 1115 3809 propter
1135 3746 1198 3788 nou
1277 3709 1279 3712 ⁵

277 3815 497 3890 neoeaaarinm,
519 3832 583 3897 non
605 3819 653 3898 eat
674 3809 862 3874 violandum.

317 3918 371 3979 25.
393 3914 468 3975 Item
492 3934 550 3975 neo
571 3914 720 3994 optimum
741 3918 869 3993 propter
889 3910 1015 3988 melius,
1052 3928 1111 3971 neo
1138 3928 1199 3971 me

181 4019 182 4026 ¹
275 3997 336 4061 lina
358 4005 484 4079 propter
505 3998 621 4069 honum
642 3994 822 4059 tollendum.

181 4149 182 4166 ,
302 4114 465 4165 nouerim.
481 4110 895 4163 remuneraturum.
1086 4089 1127 4155 23
