<?xml version="1.0" encoding="UTF-8"?>
<!DOCTYPE html PUBLIC "-//W3C//DTD XHTML 1.0 Transitional//EN"
    "http://www.w3.org/TR/xhtml1/DTD/xhtml1-transitional.dtd">
<html xmlns="http://www.w3.org/1999/xhtml" xml:lang="en" lang="en">
 <head>
  <title>
</title>
<meta http-equiv="Content-Type" content="text/html;charset=utf-8" />
  <meta name='ocr-system' content='tesseract 3.04.00' />
  <meta name='ocr-capabilities' content='ocr_page ocr_carea ocr_par ocr_line ocrx_word'/>
</head>
<body>
  <div class='ocr_page' id='page_1' title='image "./operalatinavari04schmgoog_0051.png"; bbox 0 0 3159 4792; ppageno 0'>
   <div class='ocr_carea' id='block_1_1' title="bbox 582 509 1254 579">
    <p class='ocr_par' dir='ltr' id='par_1_1' title="bbox 582 509 1254 579">
     <span class='ocr_line' id='line_1_1' title="bbox 582 509 1254 579; baseline -0.003 -8"><span class='ocrx_word' id='word_1_1' title='bbox 582 510 686 571; x_wconf 60' lang='lat' dir='ltr'><strong>metuo</strong></span> <span class='ocrx_word' id='word_1_2' title='bbox 704 510 738 569; x_wconf 59' lang='lat' dir='ltr'><strong>Dr</strong></span> <span class='ocrx_word' id='word_1_3' title='bbox 756 512 835 570; x_wconf 74' lang='lat' dir='ltr'><strong>ltus</strong></span> <span class='ocrx_word' id='word_1_4' title='bbox 854 512 975 569; x_wconf 67' lang='lat' dir='ltr'><strong>bertheri.</strong></span> <span class='ocrx_word' id='word_1_5' title='bbox 1195 509 1254 579; x_wconf 74' lang='lat'><strong>43&#39;</strong></span> 
     </span>
    </p>
   </div>
   <div class='ocr_carea' id='block_1_2' title="bbox 301 701 1240 3851">
    <p class='ocr_par' dir='ltr' id='par_1_2' title="bbox 301 701 1238 1423">
     <span class='ocr_line' id='line_1_2' title="bbox 313 701 1237 784; baseline 0.011 -28"><span class='ocrx_word' id='word_1_6' title='bbox 313 708 423 758; x_wconf 74' lang='lat' dir='ltr'><strong>norum</strong></span> <span class='ocrx_word' id='word_1_7' title='bbox 445 705 495 759; x_wconf 87' lang='lat' dir='ltr'><strong>est</strong></span> <span class='ocrx_word' id='word_1_8' title='bbox 515 706 546 759; x_wconf 91' lang='lat' dir='ltr'><strong>et</strong></span> <span class='ocrx_word' id='word_1_9' title='bbox 560 702 787 780; x_wconf 63' lang='lat' dir='ltr'><strong>operariorum</strong></span> <span class='ocrx_word' id='word_1_10' title='bbox 810 720 893 763; x_wconf 83' lang='lat' dir='ltr'><strong>nuno</strong></span> <span class='ocrx_word' id='word_1_11' title='bbox 902 701 1012 765; x_wconf 82' lang='lat' dir='ltr'><strong>dieunt</strong></span> <span class='ocrx_word' id='word_1_12' title='bbox 1022 701 1136 764; x_wconf 87' lang='lat' dir='ltr'><strong>bonum</strong></span> <span class='ocrx_word' id='word_1_13' title='bbox 1149 722 1237 784; x_wconf 83' lang='lat' dir='ltr'><strong>opus,</strong></span> 
     </span>
     <span class='ocr_line' id='line_1_3' title="bbox 313 780 1237 866; baseline 0.009 -26"><span class='ocrx_word' id='word_1_14' title='bbox 313 780 432 858; x_wconf 79' lang='lat' dir='ltr'><strong>idest,</strong></span> <span class='ocrx_word' id='word_1_15' title='bbox 466 782 582 844; x_wconf 89' lang='lat' dir='ltr'><strong>bonum</strong></span> <span class='ocrx_word' id='word_1_16' title='bbox 604 785 712 845; x_wconf 88' lang='lat' dir='ltr'><strong>otium.</strong></span> <span class='ocrx_word' id='word_1_17' title='bbox 754 785 828 846; x_wconf 83' lang='lat' dir='ltr'>Mihi</span> <span class='ocrx_word' id='word_1_18' title='bbox 850 804 924 847; x_wconf 87' lang='lat' dir='ltr'><strong>vero</strong></span> <span class='ocrx_word' id='word_1_19' title='bbox 947 786 1008 847; x_wconf 90' lang='lat' dir='ltr'><strong>hoo</strong></span> <span class='ocrx_word' id='word_1_20' title='bbox 1029 792 1170 866; x_wconf 88' lang='lat' dir='ltr'><strong>tempore</strong></span> <span class='ocrx_word' id='word_1_21' title='bbox 1191 806 1237 848; x_wconf 85' lang='lat' dir='ltr'><strong>ss·</strong></span> 
     </span>
     <span class='ocr_line' id='line_1_4' title="bbox 312 866 1238 931; baseline 0.006 -6"><span class='ocrx_word' id='word_1_22' title='bbox 312 866 353 925; x_wconf 88' lang='lat' dir='ltr'><strong>tis</strong></span> <span class='ocrx_word' id='word_1_23' title='bbox 380 871 430 925; x_wconf 87' lang='lat' dir='ltr'><strong>est</strong></span> <span class='ocrx_word' id='word_1_24' title='bbox 458 866 634 929; x_wconf 75' lang='lat' dir='ltr'><strong>ostendisse</strong></span> <span class='ocrx_word' id='word_1_25' title='bbox 668 869 716 928; x_wconf 91' lang='lat' dir='ltr'><strong>ius</strong></span> <span class='ocrx_word' id='word_1_26' title='bbox 747 868 883 929; x_wconf 89' lang='lat' dir='ltr'><strong>divinum</strong></span> <span class='ocrx_word' id='word_1_27' title='bbox 917 887 979 930; x_wconf 90' lang='lat' dir='ltr'><strong>non</strong></span> <span class='ocrx_word' id='word_1_28' title='bbox 1013 869 1074 930; x_wconf 87' lang='lat' dir='ltr'><strong>hoe</strong></span> <span class='ocrx_word' id='word_1_29' title='bbox 1105 869 1238 931; x_wconf 86' lang='lat' dir='ltr'><strong>tribuere</strong></span> 
     </span>
     <span class='ocr_line' id='line_1_5' title="bbox 301 948 1238 1033; baseline 0.002 -22"><span class='ocrx_word' id='word_1_30' title='bbox 301 948 407 1011; x_wconf 69' lang='lat' dir='ltr'><strong>Rom.</strong></span> <span class='ocrx_word' id='word_1_31' title='bbox 428 948 578 1027; x_wconf 73' lang='lat' dir='ltr'><strong>pontiflci,</strong></span> <span class='ocrx_word' id='word_1_32' title='bbox 601 950 684 1029; x_wconf 85' lang='lat' dir='ltr'><strong>quod</strong></span> <span class='ocrx_word' id='word_1_33' title='bbox 708 951 752 1011; x_wconf 88' lang='lat' dir='ltr'>illi</span> <span class='ocrx_word' id='word_1_34' title='bbox 772 951 821 1012; x_wconf 91' lang='lat' dir='ltr'><strong>ius</strong></span> <span class='ocrx_word' id='word_1_35' title='bbox 842 951 977 1012; x_wconf 87' lang='lat' dir='ltr'><strong>divinum</strong></span> <span class='ocrx_word' id='word_1_36' title='bbox 999 952 1185 1033; x_wconf 72' lang='lat' dir='ltr'><strong>intelligunt,</strong></span> <span class='ocrx_word' id='word_1_37' title='bbox 1207 952 1238 1013; x_wconf 91' lang='lat' dir='ltr'><strong>id</strong></span> 
     </span>
     <span class='ocr_line' id='line_1_6' title="bbox 314 1031 1237 1115; baseline 0.008 -25"><span class='ocrx_word' id='word_1_38' title='bbox 314 1038 377 1104; x_wconf 80' lang='lat' dir='ltr'><strong>est,</strong></span> <span class='ocrx_word' id='word_1_39' title='bbox 400 1031 476 1091; x_wconf 91' lang='lat' dir='ltr'><strong>nulli</strong></span> <span class='ocrx_word' id='word_1_40' title='bbox 499 1033 685 1115; x_wconf 72' lang='lat' dir='ltr'><strong>subiectum,</strong></span> <span class='ocrx_word' id='word_1_41' title='bbox 708 1053 748 1095; x_wconf 87' lang='lat' dir='ltr'><strong>ne</strong></span> <span class='ocrx_word' id='word_1_42' title='bbox 770 1036 932 1097; x_wconf 82' lang='lat' dir='ltr'><strong>veri-tutem</strong></span> <span class='ocrx_word' id='word_1_43' title='bbox 956 1035 1080 1115; x_wconf 87' lang='lat' dir='ltr'><strong>quidem</strong></span> <span class='ocrx_word' id='word_1_44' title='bbox 1101 1035 1237 1113; x_wconf 61' lang='lat' dir='ltr'><strong>habenti</strong></span> 
     </span>
     <span class='ocr_line' id='line_1_7' title="bbox 312 1117 1237 1197; baseline 0.004 -22"><span class='ocrx_word' id='word_1_45' title='bbox 312 1121 346 1175; x_wconf 87' lang='lat' dir='ltr'><strong>et</strong></span> <span class='ocrx_word' id='word_1_46' title='bbox 367 1132 437 1177; x_wconf 85' lang='lat' dir='ltr'><strong>esse</strong></span> <span class='ocrx_word' id='word_1_47' title='bbox 469 1117 639 1195; x_wconf 74' lang='lat' dir='ltr'><strong>impunitae</strong></span> <span class='ocrx_word' id='word_1_48' title='bbox 659 1118 804 1179; x_wconf 83' lang='lat' dir='ltr'><strong>lieentiee</strong></span> <span class='ocrx_word' id='word_1_49' title='bbox 838 1119 1092 1197; x_wconf 74' lang='lat' dir='ltr'><strong>voluntariaeque</strong></span> <span class='ocrx_word' id='word_1_50' title='bbox 1118 1118 1237 1181; x_wconf 87' lang='lat' dir='ltr'>libidini</span> 
     </span>
     <span class='ocr_line' id='line_1_8' title="bbox 311 1196 1236 1281; baseline 0.006 -24"><span class='ocrx_word' id='word_1_51' title='bbox 311 1196 465 1277; x_wconf 82' lang='lat' dir='ltr'><strong>peeosndi</strong></span> <span class='ocrx_word' id='word_1_52' title='bbox 487 1218 562 1278; x_wconf 73' lang='lat' dir='ltr'><strong>pree</strong></span> <span class='ocrx_word' id='word_1_53' title='bbox 584 1200 727 1261; x_wconf 88' lang='lat' dir='ltr'><strong>omnibus</strong></span> <span class='ocrx_word' id='word_1_54' title='bbox 749 1200 930 1263; x_wconf 77' lang='lat' dir='ltr'><strong>Christianis</strong></span> <span class='ocrx_word' id='word_1_55' title='bbox 952 1202 1113 1279; x_wconf 81' lang='lat' dir='ltr'><strong>traditum,</strong></span> <span class='ocrx_word' id='word_1_56' title='bbox 1146 1220 1236 1281; x_wconf 86' lang='lat' dir='ltr'><strong>quem</strong></span> 
     </span>
     <span class='ocr_line' id='line_1_9' title="bbox 313 1283 1238 1365; baseline 0.008 -25"><span class='ocrx_word' id='word_1_57' title='bbox 313 1285 439 1359; x_wconf 84' lang='lat' dir='ltr'><strong>oportet</strong></span> <span class='ocrx_word' id='word_1_58' title='bbox 470 1301 544 1362; x_wconf 84' lang='lat' dir='ltr'><strong>pres</strong></span> <span class='ocrx_word' id='word_1_59' title='bbox 575 1283 717 1345; x_wconf 80' lang='lat' dir='ltr'><strong>omnibus</strong></span> <span class='ocrx_word' id='word_1_60' title='bbox 739 1302 809 1345; x_wconf 87' lang='lat' dir='ltr'><strong>esse</strong></span> <span class='ocrx_word' id='word_1_61' title='bbox 828 1284 974 1365; x_wconf 78' lang='lat' dir='ltr'><strong>ligemur,</strong></span> <span class='ocrx_word' id='word_1_62' title='bbox 1006 1284 1177 1346; x_wconf 76' lang='lat' dir='ltr'><strong>subiectum</strong></span> <span class='ocrx_word' id='word_1_63' title='bbox 1206 1293 1238 1347; x_wconf 87' lang='lat' dir='ltr'><strong>et</strong></span> 
     </span>
     <span class='ocr_line' id='line_1_10' title="bbox 312 1382 446 1423; baseline 0.007 -2"><span class='ocrx_word' id='word_1_64' title='bbox 312 1382 446 1423; x_wconf 89' lang='lat' dir='ltr'><strong>servum.</strong></span> 
     </span>
    </p>

    <p class='ocr_par' dir='ltr' id='par_1_3' title="bbox 304 1445 1240 3001">
     <span class='ocr_line' id='line_1_11' title="bbox 395 1445 1237 1533; baseline 0.007 -27"><span class='ocrx_word' id='word_1_65' title='bbox 395 1445 487 1521; x_wconf 81' lang='lat' dir='ltr'><strong>Quod</strong></span> <span class='ocrx_word' id='word_1_66' title='bbox 508 1449 534 1507; x_wconf 91' lang='lat' dir='ltr'><strong>si</strong></span> <span class='ocrx_word' id='word_1_67' title='bbox 559 1446 653 1526; x_wconf 81' lang='lat' dir='ltr'><strong>dines,</strong></span> <span class='ocrx_word' id='word_1_68' title='bbox 687 1450 746 1510; x_wconf 87' lang='lat' dir='ltr'><strong>etsi</strong></span> <span class='ocrx_word' id='word_1_69' title='bbox 768 1450 925 1511; x_wconf 87' lang='lat' dir='ltr'><strong>hominem</strong></span> <span class='ocrx_word' id='word_1_70' title='bbox 947 1449 1040 1510; x_wconf 82' lang='lat' dir='ltr'><strong>lieest</strong></span> <span class='ocrx_word' id='word_1_71' title='bbox 1061 1451 1237 1533; x_wconf 75' lang='lat' dir='ltr'><strong>emendare,</strong></span> 
     </span>
     <span class='ocr_line' id='line_1_12' title="bbox 312 1530 1238 1611; baseline 0.005 -22"><span class='ocrx_word' id='word_1_72' title='bbox 312 1537 421 1590; x_wconf 78' lang='lat' dir='ltr'><strong>temen</strong></span> <span class='ocrx_word' id='word_1_73' title='bbox 440 1530 530 1591; x_wconf 85' lang='lat' dir='ltr'><strong>loeus</strong></span> <span class='ocrx_word' id='word_1_74' title='bbox 561 1532 629 1610; x_wconf 89' lang='lat' dir='ltr'><strong>ipse</strong></span> <span class='ocrx_word' id='word_1_75' title='bbox 651 1538 699 1593; x_wconf 87' lang='lat' dir='ltr'><strong>est</strong></span> <span class='ocrx_word' id='word_1_76' title='bbox 720 1533 786 1593; x_wconf 88' lang='lat' dir='ltr'><strong>iure</strong></span> <span class='ocrx_word' id='word_1_77' title='bbox 806 1532 913 1593; x_wconf 85' lang='lat' dir='ltr'><strong>divino</strong></span> <span class='ocrx_word' id='word_1_78' title='bbox 937 1533 1089 1611; x_wconf 82' lang='lat' dir='ltr'><strong>superior:</strong></span> <span class='ocrx_word' id='word_1_79' title='bbox 1128 1534 1187 1594; x_wconf 83' lang='lat' dir='ltr'><strong>Hie</strong></span> <span class='ocrx_word' id='word_1_80' title='bbox 1208 1536 1238 1593; x_wconf 92' lang='lat' dir='ltr'><strong>in</strong></span> 
     </span>
     <span class='ocr_line' id='line_1_13' title="bbox 312 1616 1237 1693; baseline 0.003 -19"><span class='ocrx_word' id='word_1_81' title='bbox 312 1631 415 1674; x_wconf 84' lang='lat' dir='ltr'><strong>meum</strong></span> <span class='ocrx_word' id='word_1_82' title='bbox 447 1632 590 1693; x_wconf 83' lang='lat' dir='ltr'><strong>eampum</strong></span> <span class='ocrx_word' id='word_1_83' title='bbox 625 1616 735 1692; x_wconf 86' lang='lat' dir='ltr'><strong>venio,</strong></span> <span class='ocrx_word' id='word_1_84' title='bbox 774 1622 808 1675; x_wconf 86' lang='lat' dir='ltr'><strong>ut</strong></span> <span class='ocrx_word' id='word_1_85' title='bbox 830 1616 1009 1693; x_wconf 73' lang='lat' dir='ltr'><strong>ostendam,</strong></span> <span class='ocrx_word' id='word_1_86' title='bbox 1042 1616 1135 1675; x_wconf 82' lang='lat' dir='ltr'><strong>telem</strong></span> <span class='ocrx_word' id='word_1_87' title='bbox 1167 1636 1237 1677; x_wconf 85' lang='lat' dir='ltr'><strong>esse</strong></span> 
     </span>
     <span class='ocr_line' id='line_1_14' title="bbox 311 1695 1237 1777; baseline 0.008 -24"><span class='ocrx_word' id='word_1_88' title='bbox 311 1695 414 1755; x_wconf 90' lang='lat' dir='ltr'><strong>loeum</strong></span> <span class='ocrx_word' id='word_1_89' title='bbox 439 1698 648 1775; x_wconf 86' lang='lat' dir='ltr'><strong>superiorem,</strong></span> <span class='ocrx_word' id='word_1_90' title='bbox 671 1717 762 1776; x_wconf 89' lang='lat' dir='ltr'><strong>quem</strong></span> <span class='ocrx_word' id='word_1_91' title='bbox 784 1697 888 1757; x_wconf 86' lang='lat' dir='ltr'><strong>nullus</strong></span> <span class='ocrx_word' id='word_1_92' title='bbox 908 1716 1043 1777; x_wconf 87' lang='lat' dir='ltr'><strong>unqusm</strong></span> <span class='ocrx_word' id='word_1_93' title='bbox 1066 1699 1162 1759; x_wconf 91' lang='lat' dir='ltr'><strong>vellet</strong></span> <span class='ocrx_word' id='word_1_94' title='bbox 1183 1698 1237 1760; x_wconf 87' lang='lat' dir='ltr'><strong>ob-</strong></span> 
     </span>
     <span class='ocr_line' id='line_1_15' title="bbox 312 1772 1238 1861; baseline 0.002 -22"><span class='ocrx_word' id='word_1_95' title='bbox 312 1779 422 1857; x_wconf 88' lang='lat' dir='ltr'><strong>tinere,</strong></span> <span class='ocrx_word' id='word_1_96' title='bbox 443 1779 599 1859; x_wconf 80' lang='lat' dir='ltr'>longeque</span> <span class='ocrx_word' id='word_1_97' title='bbox 620 1779 704 1840; x_wconf 83' lang='lat' dir='ltr'><strong>eliud</strong></span> <span class='ocrx_word' id='word_1_98' title='bbox 726 1772 806 1857; x_wconf 57' lang='lat' dir='ltr'><strong>essse,</strong></span> <span class='ocrx_word' id='word_1_99' title='bbox 829 1781 930 1841; x_wconf 89' lang='lat' dir='ltr'><strong>looum</strong></span> <span class='ocrx_word' id='word_1_100' title='bbox 954 1799 1023 1841; x_wconf 88' lang='lat' dir='ltr'><strong>esse</strong></span> <span class='ocrx_word' id='word_1_101' title='bbox 1038 1783 1238 1861; x_wconf 84' lang='lat' dir='ltr'><strong>superiorem,</strong></span> 
     </span>
     <span class='ocr_line' id='line_1_16' title="bbox 311 1862 1238 1945; baseline 0.004 -24"><span class='ocrx_word' id='word_1_102' title='bbox 311 1867 344 1921; x_wconf 82' lang='lat' dir='ltr'><strong>et</strong></span> <span class='ocrx_word' id='word_1_103' title='bbox 376 1862 442 1923; x_wconf 90' lang='lat' dir='ltr'><strong>iure</strong></span> <span class='ocrx_word' id='word_1_104' title='bbox 474 1862 578 1925; x_wconf 86' lang='lat' dir='ltr'><strong>divino</strong></span> <span class='ocrx_word' id='word_1_105' title='bbox 615 1866 805 1945; x_wconf 84' lang='lat' dir='ltr'><strong>superiorem</strong></span> <span class='ocrx_word' id='word_1_106' title='bbox 839 1879 926 1925; x_wconf 69' lang='lat' dir='ltr'><strong>esse.⁴</strong></span> <span class='ocrx_word' id='word_1_107' title='bbox 971 1863 1032 1925; x_wconf 71' lang='lat' dir='ltr'><strong>Sed</strong></span> <span class='ocrx_word' id='word_1_108' title='bbox 1069 1864 1155 1925; x_wconf 79' lang='lat' dir='ltr'><strong>haee·</strong></span> <span class='ocrx_word' id='word_1_109' title='bbox 1181 1884 1238 1926; x_wconf 88' lang='lat' dir='ltr'><strong>suu</strong></span> 
     </span>
     <span class='ocr_line' id='line_1_17' title="bbox 311 1952 657 2024; baseline 0.012 -21"><span class='ocrx_word' id='word_1_110' title='bbox 311 1952 460 2024; x_wconf 84' lang='lat' dir='ltr'><strong>tempore.</strong></span> <span class='ocrx_word' id='word_1_111' title='bbox 654 2004 657 2007; x_wconf 81' lang='grc'>,</span> 
     </span>
     <span class='ocr_line' id='line_1_18' title="bbox 395 2026 1237 2107; baseline 0.005 -20"><span class='ocrx_word' id='word_1_112' title='bbox 395 2027 430 2087; x_wconf 89' lang='lat' dir='ltr'><strong>ln</strong></span> <span class='ocrx_word' id='word_1_113' title='bbox 465 2026 543 2106; x_wconf 79' lang='lat' dir='ltr'><strong>fine,</strong></span> <span class='ocrx_word' id='word_1_114' title='bbox 582 2030 623 2089; x_wconf 88' lang='lat' dir='ltr'><strong>mi</strong></span> <span class='ocrx_word' id='word_1_115' title='bbox 650 2030 775 2107; x_wconf 74' lang='lat' dir='ltr'><strong>Emer,</strong></span> <span class='ocrx_word' id='word_1_116' title='bbox 814 2030 952 2091; x_wconf 84' lang='lat' dir='ltr'><strong>videmus</strong></span> <span class='ocrx_word' id='word_1_117' title='bbox 985 2030 1075 2091; x_wconf 87' lang='lat' dir='ltr'><strong>huius</strong></span> <span class='ocrx_word' id='word_1_118' title='bbox 1107 2030 1237 2091; x_wconf 72' lang='lat' dir='ltr'><strong>infelicis</strong></span> 
     </span>
     <span class='ocr_line' id='line_1_19' title="bbox 311 2110 1238 2193; baseline 0.003 -23"><span class='ocrx_word' id='word_1_119' title='bbox 311 2110 529 2188; x_wconf 70' lang='lat' dir='ltr'><strong>disputationis</strong></span> <span class='ocrx_word' id='word_1_120' title='bbox 551 2128 621 2172; x_wconf 90' lang='lat' dir='ltr'><strong>eum</strong></span> <span class='ocrx_word' id='word_1_121' title='bbox 643 2132 713 2173; x_wconf 87' lang='lat' dir='ltr'><strong>esse</strong></span> <span class='ocrx_word' id='word_1_122' title='bbox 732 2112 837 2190; x_wconf 82' lang='lat' dir='ltr'><strong>finem,</strong></span> <span class='ocrx_word' id='word_1_123' title='bbox 861 2114 912 2191; x_wconf 91' lang='lat' dir='ltr'><strong>qui</strong></span> <span class='ocrx_word' id='word_1_124' title='bbox 934 2113 985 2173; x_wconf 83' lang='lat' dir='ltr'><strong>teli</strong></span> <span class='ocrx_word' id='word_1_125' title='bbox 1008 2112 1119 2193; x_wconf 84' lang='lat' dir='ltr'><strong>dignus</strong></span> <span class='ocrx_word' id='word_1_126' title='bbox 1135 2112 1238 2193; x_wconf 82' lang='lat' dir='ltr'><strong>dispu-</strong></span> 
     </span>
     <span class='ocr_line' id='line_1_20' title="bbox 312 2194 1240 2277; baseline 0.002 -22"><span class='ocrx_word' id='word_1_127' title='bbox 312 2194 441 2271; x_wconf 71' lang='lat' dir='ltr'><strong>nosne,</strong></span> <span class='ocrx_word' id='word_1_128' title='bbox 453 2213 575 2275; x_wconf 83' lang='lat' dir='ltr'><strong>nempe</strong></span> <span class='ocrx_word' id='word_1_129' title='bbox 597 2213 688 2273; x_wconf 88' lang='lat' dir='ltr'><strong>quem</strong></span> <span class='ocrx_word' id='word_1_130' title='bbox 701 2196 869 2275; x_wconf 80' lang='lat' dir='ltr'><strong>&#39;spostolus</strong></span> <span class='ocrx_word' id='word_1_131' title='bbox 894 2200 921 2258; x_wconf 87' lang='lat'><strong>1.</strong></span> <span class='ocrx_word' id='word_1_132' title='bbox 935 2195 1014 2255; x_wconf 51' lang='lat' dir='ltr'><strong>Timr</strong></span> <span class='ocrx_word' id='word_1_133' title='bbox 1028 2198 1056 2259; x_wconf 86' lang='lat'><strong>6.</strong></span> <span class='ocrx_word' id='word_1_134' title='bbox 1078 2196 1240 2277; x_wconf 85' lang='lat' dir='ltr'><strong>deseripsit</strong></span> 
     </span>
     <span class='ocr_line' id='line_1_21' title="bbox 304 2276 1239 2359; baseline 0.004 -24"><span class='ocrx_word' id='word_1_135' title='bbox 304 2276 435 2359; x_wconf 56' lang='lat' dir='ltr'><strong>sinens:</strong></span> <span class='ocrx_word' id='word_1_136' title='bbox 467 2276 499 2339; x_wconf 83' lang='lat' dir='ltr'><strong>Si</strong></span> <span class='ocrx_word' id='word_1_137' title='bbox 522 2279 598 2357; x_wconf 83' lang='lat' dir='ltr'><strong>quis·</strong></span> <span class='ocrx_word' id='word_1_138' title='bbox 611 2277 705 2339; x_wconf 84' lang='lat' dir='ltr'><strong>sliter&#39;</strong></span> <span class='ocrx_word' id='word_1_139' title='bbox 720 2278 824 2355; x_wconf 85' lang='lat' dir='ltr'><strong>deest,</strong></span> <span class='ocrx_word' id='word_1_140' title='bbox 846 2297 908 2339; x_wconf 89' lang='lat' dir='ltr'><strong>uon</strong></span> <span class='ocrx_word' id='word_1_141' title='bbox 931 2280 1132 2357; x_wconf 75' lang='lat' dir='ltr'><strong>acquiescens</strong></span> <span class='ocrx_word' id='word_1_142' title='bbox 1154 2280 1239 2339; x_wconf 84' lang='lat' dir='ltr'><strong>suuis</strong></span> 
     </span>
     <span class='ocr_line' id='line_1_22' title="bbox 312 2359 1240 2441; baseline 0.004 -23"><span class='ocrx_word' id='word_1_143' title='bbox 312 2359 506 2421; x_wconf 84' lang='lat' dir='ltr'><strong>sermonibus</strong></span> <span class='ocrx_word' id='word_1_144' title='bbox 529 2361 656 2422; x_wconf 86' lang='lat' dir='ltr'><strong>Domini</strong></span> <span class='ocrx_word' id='word_1_145' title='bbox 682 2363 781 2422; x_wconf 82' lang='lat' dir='ltr'><strong>nostri</strong></span> <span class='ocrx_word' id='word_1_146' title='bbox 803 2362 872 2421; x_wconf 88' lang='lat' dir='ltr'><strong>Iesu</strong></span> <span class='ocrx_word' id='word_1_147' title='bbox 896 2360 1022 2437; x_wconf 77' lang='lat' dir='ltr'><strong>Christi,</strong></span> <span class='ocrx_word' id='word_1_148' title='bbox 1046 2366 1077 2421; x_wconf 89' lang='lat' dir='ltr'><strong>et</strong></span> <span class='ocrx_word' id='word_1_149' title='bbox 1098 2364 1137 2440; x_wconf 82' lang='lat' dir='ltr'><strong>ei,</strong></span> <span class='ocrx_word' id='word_1_150' title='bbox 1160 2380 1240 2441; x_wconf 83' lang='lat' dir='ltr'><strong>ques</strong></span> 
     </span>
     <span class='ocr_line' id='line_1_23' title="bbox 312 2442 1238 2523; baseline 0.002 -20"><span class='ocrx_word' id='word_1_151' title='bbox 312 2442 482 2503; x_wconf 88' lang='lat' dir='ltr'><strong>seeundum</strong></span> <span class='ocrx_word' id='word_1_152' title='bbox 522 2445 669 2523; x_wconf 77' lang='lat' dir='ltr'><strong>pietatem</strong></span> <span class='ocrx_word' id='word_1_153' title='bbox 703 2452 750 2505; x_wconf 86' lang='lat' dir='ltr'><strong>est</strong></span> <span class='ocrx_word' id='word_1_154' title='bbox 789 2444 963 2523; x_wconf 76' lang='lat' dir='ltr'><strong>doetrinae,</strong></span> <span class='ocrx_word' id='word_1_155' title='bbox 999 2444 1148 2523; x_wconf 86' lang='lat' dir='ltr'><strong>superbus</strong></span> <span class='ocrx_word' id='word_1_156' title='bbox 1182 2452 1238 2521; x_wconf 82' lang='lat' dir='ltr'><strong>est,</strong></span> 
     </span>
     <span class='ocr_line' id='line_1_24' title="bbox 312 2523 1240 2609; baseline 0.003 -24"><span class='ocrx_word' id='word_1_157' title='bbox 312 2523 390 2585; x_wconf 88' lang='lat' dir='ltr'><strong>nihil</strong></span> <span class='ocrx_word' id='word_1_158' title='bbox 411 2528 522 2604; x_wconf 79' lang='lat' dir='ltr'><strong>soiens,</strong></span> <span class='ocrx_word' id='word_1_159' title='bbox 543 2526 599 2588; x_wconf 87' lang='lat' dir='ltr'><strong>sed</strong></span> <span class='ocrx_word' id='word_1_160' title='bbox 620 2526 770 2608; x_wconf 84' lang='lat' dir='ltr'><strong>languens</strong></span> <span class='ocrx_word' id='word_1_161' title='bbox 794 2528 874 2587; x_wconf 80' lang='lat' dir='ltr'><strong>eirea</strong></span> <span class='ocrx_word' id='word_1_162' title='bbox 892 2528 1090 2607; x_wconf 80' lang='lat' dir='ltr'><strong>quaestiones</strong></span> <span class='ocrx_word' id='word_1_163' title='bbox 1109 2534 1141 2588; x_wconf 87' lang='lat' dir='ltr'><strong>et</strong></span> <span class='ocrx_word' id='word_1_164' title='bbox 1163 2548 1240 2609; x_wconf 65' lang='lat' dir='ltr'><strong>pug«</strong></span> 
     </span>
     <span class='ocr_line' id='line_1_25' title="bbox 312 2608 1238 2690; baseline 0.003 -21"><span class='ocrx_word' id='word_1_165' title='bbox 312 2627 371 2669; x_wconf 79' lang='lat' dir='ltr'><strong>nas</strong></span> <span class='ocrx_word' id='word_1_166' title='bbox 392 2608 568 2685; x_wconf 79' lang='lat' dir='ltr'><strong>verborum,</strong></span> <span class='ocrx_word' id='word_1_167' title='bbox 589 2629 629 2671; x_wconf 88' lang='lat' dir='ltr'><strong>ex</strong></span> <span class='ocrx_word' id='word_1_168' title='bbox 652 2610 761 2689; x_wconf 85' lang='lat' dir='ltr'><strong>quibus</strong></span> <span class='ocrx_word' id='word_1_169' title='bbox 784 2612 921 2671; x_wconf 86' lang='lat' dir='ltr'><strong>oriuntur</strong></span> <span class='ocrx_word' id='word_1_170' title='bbox 943 2610 1088 2690; x_wconf 68' lang='lat' dir='ltr'><strong>invidias,</strong></span> <span class='ocrx_word' id='word_1_171' title='bbox 1112 2619 1238 2673; x_wconf 87' lang='lat' dir='ltr'><strong>eonten-</strong></span> 
     </span>
     <span class='ocr_line' id='line_1_26' title="bbox 313 2691 1239 2773; baseline 0.005 -23"><span class='ocrx_word' id='word_1_172' title='bbox 313 2691 434 2768; x_wconf 87' lang='lat' dir='ltr'><strong>tiones,</strong></span> <span class='ocrx_word' id='word_1_173' title='bbox 469 2691 697 2772; x_wconf 77' lang='lat' dir='ltr'><strong>blasphemiae,</strong></span> <span class='ocrx_word' id='word_1_174' title='bbox 733 2694 925 2773; x_wconf 77' lang='lat' dir='ltr'><strong>suspioiones</strong></span> <span class='ocrx_word' id='word_1_175' title='bbox 961 2694 1078 2769; x_wconf 83' lang='lat' dir='ltr'><strong>meles,</strong></span> <span class='ocrx_word' id='word_1_176' title='bbox 1115 2692 1239 2755; x_wconf 78' lang='lat' dir='ltr'><strong>eouflie</strong></span> 
     </span>
     <span class='ocr_line' id='line_1_27' title="bbox 311 2774 1240 2856; baseline 0.003 -22"><span class='ocrx_word' id='word_1_177' title='bbox 311 2775 448 2835; x_wconf 74' lang='lat' dir='ltr'><strong>tationes</strong></span> <span class='ocrx_word' id='word_1_178' title='bbox 469 2774 628 2836; x_wconf 89' lang='lat' dir='ltr'><strong>hominum</strong></span> <span class='ocrx_word' id='word_1_179' title='bbox 652 2783 755 2839; x_wconf 87' lang='lat' dir='ltr'><strong>mente</strong></span> <span class='ocrx_word' id='word_1_180' title='bbox 777 2782 1007 2856; x_wconf 81' lang='lat' dir='ltr'><strong>eorruptorum,</strong></span> <span class='ocrx_word' id='word_1_181' title='bbox 1036 2778 1140 2855; x_wconf 88' lang='lat' dir='ltr'><strong>etqui</strong></span> <span class='ocrx_word' id='word_1_182' title='bbox 1162 2778 1240 2837; x_wconf 83' lang='lat' dir='ltr'><strong>veri·</strong></span> 
     </span>
     <span class='ocr_line' id='line_1_28' title="bbox 312 2858 1237 2941; baseline 0.004 -24"><span class='ocrx_word' id='word_1_183' title='bbox 312 2863 378 2917; x_wconf 83' lang='lat' dir='ltr'><strong>tete</strong></span> <span class='ocrx_word' id='word_1_184' title='bbox 399 2858 509 2937; x_wconf 83' lang='lat' dir='ltr'><strong>priveti</strong></span> <span class='ocrx_word' id='word_1_185' title='bbox 530 2866 615 2938; x_wconf 83' lang='lat' dir='ltr'><strong>suut,</strong></span> <span class='ocrx_word' id='word_1_186' title='bbox 637 2860 876 2919; x_wconf 78' lang='lat' dir='ltr'><strong>existimantium</strong></span> <span class='ocrx_word' id='word_1_187' title='bbox 900 2865 1061 2937; x_wconf 82' lang='lat' dir='ltr'><strong>quaestum</strong></span> <span class='ocrx_word' id='word_1_188' title='bbox 1084 2878 1154 2921; x_wconf 88' lang='lat' dir='ltr'><strong>esse</strong></span> <span class='ocrx_word' id='word_1_189' title='bbox 1174 2860 1237 2941; x_wconf 85' lang='lat' dir='ltr'><strong>pie·</strong></span> 
     </span>
     <span class='ocr_line' id='line_1_29' title="bbox 312 2945 523 3001; baseline 0 -2"><span class='ocrx_word' id='word_1_190' title='bbox 312 2945 419 3001; x_wconf 79' lang='lat' dir='ltr'><strong>tutem.</strong></span> <span class='ocrx_word' id='word_1_191' title='bbox 513 2965 523 2991; x_wconf 72' lang='lat' dir='ltr'><strong>z</strong></span> 
     </span>
    </p>

    <p class='ocr_par' dir='ltr' id='par_1_4' title="bbox 311 3017 1240 3851">
     <span class='ocr_line' id='line_1_30' title="bbox 395 3017 1240 3104; baseline -0.001 -21"><span class='ocrx_word' id='word_1_192' title='bbox 395 3022 502 3101; x_wconf 76' lang='lat' dir='ltr'><strong>Vides,</strong></span> <span class='ocrx_word' id='word_1_193' title='bbox 522 3026 658 3104; x_wconf 80' lang='lat' dir='ltr'><strong>inquom,</strong></span> <span class='ocrx_word' id='word_1_194' title='bbox 676 3024 724 3092; x_wconf 71' lang='lat' dir='ltr'><strong>¹ite</strong></span> <span class='ocrx_word' id='word_1_195' title='bbox 746 3027 881 3086; x_wconf 82' lang='lat' dir='ltr'><strong>nostram</strong></span> <span class='ocrx_word' id='word_1_196' title='bbox 891 3017 984 3097; x_wconf 69' lang='lat' dir='ltr'><strong>&#39;hene</strong></span> <span class='ocrx_word' id='word_1_197' title='bbox 998 3022 1240 3102; x_wconf 75' lang='lat' dir='ltr'><strong>disputationem</strong></span> 
     </span>
     <span class='ocr_line' id='line_1_31' title="bbox 312 3104 1239 3187; baseline 0 -22"><span class='ocrx_word' id='word_1_198' title='bbox 312 3124 383 3165; x_wconf 88' lang='lat' dir='ltr'><strong>esse</strong></span> <span class='ocrx_word' id='word_1_199' title='bbox 404 3104 570 3187; x_wconf 76' lang='lat' dir='ltr'><strong>depictam,</strong></span> <span class='ocrx_word' id='word_1_200' title='bbox 591 3114 625 3167; x_wconf 82' lang='lat' dir='ltr'><strong>ut</strong></span> <span class='ocrx_word' id='word_1_201' title='bbox 646 3125 705 3170; x_wconf 87' lang='lat' dir='ltr'><strong>neo</strong></span> <span class='ocrx_word' id='word_1_202' title='bbox 724 3105 853 3187; x_wconf 83' lang='lat' dir='ltr'><strong>Apelles</strong></span> <span class='ocrx_word' id='word_1_203' title='bbox 877 3106 975 3187; x_wconf 87' lang='lat' dir='ltr'><strong>possit</strong></span> <span class='ocrx_word' id='word_1_204' title='bbox 996 3107 1039 3165; x_wconf 79' lang='lat' dir='ltr'><strong>itu</strong></span> <span class='ocrx_word' id='word_1_205' title='bbox 1061 3105 1239 3185; x_wconf 84' lang='lat' dir='ltr'><strong>depingere,</strong></span> 
     </span>
     <span class='ocr_line' id='line_1_32' title="bbox 313 3188 1239 3270; baseline 0.004 -23"><span class='ocrx_word' id='word_1_206' title='bbox 313 3208 407 3250; x_wconf 90' lang='lat' dir='ltr'><strong>unum</strong></span> <span class='ocrx_word' id='word_1_207' title='bbox 429 3209 488 3251; x_wconf 88' lang='lat' dir='ltr'><strong>uos</strong></span> <span class='ocrx_word' id='word_1_208' title='bbox 510 3190 722 3270; x_wconf 70' lang='lat' dir='ltr'><strong>peccavimus,</strong></span> <span class='ocrx_word' id='word_1_209' title='bbox 746 3189 829 3270; x_wconf 89' lang='lat' dir='ltr'><strong>quod</strong></span> <span class='ocrx_word' id='word_1_210' title='bbox 852 3188 1065 3251; x_wconf 75' lang='lat' dir='ltr'><strong>nesciebamus</strong></span> <span class='ocrx_word' id='word_1_211' title='bbox 1088 3207 1146 3249; x_wconf 87' lang='lat' dir='ltr'><strong>nos</strong></span> <span class='ocrx_word' id='word_1_212' title='bbox 1170 3208 1239 3251; x_wconf 86' lang='lat' dir='ltr'><strong>esse</strong></span> 
     </span>
     <span class='ocr_line' id='line_1_33' title="bbox 311 3272 1237 3354; baseline 0.005 -24"><span class='ocrx_word' id='word_1_213' title='bbox 311 3272 343 3331; x_wconf 91' lang='lat' dir='ltr'><strong>in</strong></span> <span class='ocrx_word' id='word_1_214' title='bbox 367 3272 469 3331; x_wconf 91' lang='lat' dir='ltr'><strong>medio</strong></span> <span class='ocrx_word' id='word_1_215' title='bbox 503 3273 660 3352; x_wconf 85' lang='lat' dir='ltr'><strong>luporum,</strong></span> <span class='ocrx_word' id='word_1_216' title='bbox 700 3281 730 3335; x_wconf 89' lang='lat' dir='ltr'><strong>et</strong></span> <span class='ocrx_word' id='word_1_217' title='bbox 764 3292 869 3335; x_wconf 80' lang='lat' dir='ltr'><strong>verum</strong></span> <span class='ocrx_word' id='word_1_218' title='bbox 893 3273 1021 3333; x_wconf 81' lang='lat' dir='ltr'><strong>ieeimus</strong></span> <span class='ocrx_word' id='word_1_219' title='bbox 1044 3272 1237 3354; x_wconf 78' lang='lat' dir='ltr'><strong>evangelium</strong></span> 
     </span>
     <span class='ocr_line' id='line_1_34' title="bbox 312 3354 1239 3434; baseline 0.002 -19"><span class='ocrx_word' id='word_1_220' title='bbox 312 3354 494 3430; x_wconf 76' lang='lat' dir='ltr'><strong>Christi*):</strong></span> <span class='ocrx_word' id='word_1_221' title='bbox 532 3354 636 3417; x_wconf 86' lang='lat' dir='ltr'><strong>Nolite</strong></span> <span class='ocrx_word' id='word_1_222' title='bbox 672 3363 811 3421; x_wconf 79' lang='lat' dir='ltr'><strong>sanetum</strong></span> <span class='ocrx_word' id='word_1_223' title='bbox 850 3356 923 3417; x_wconf 85' lang='lat' dir='ltr'><strong>dere</strong></span> <span class='ocrx_word' id='word_1_224' title='bbox 959 3356 1103 3433; x_wconf 79' lang='lat' dir='ltr'><strong>senibus,</strong></span> <span class='ocrx_word' id='word_1_225' title='bbox 1139 3374 1239 3434; x_wconf 87' lang='lat' dir='ltr'><strong>nsque</strong></span> 
     </span>
     <span class='ocr_line' id='line_1_35' title="bbox 313 3437 1239 3519; baseline 0.004 -23"><span class='ocrx_word' id='word_1_226' title='bbox 313 3437 440 3497; x_wconf 84' lang='lat' dir='ltr'><strong>mittetis</strong></span> <span class='ocrx_word' id='word_1_227' title='bbox 464 3440 644 3519; x_wconf 79' lang='lat' dir='ltr'><strong>margaritas</strong></span> <span class='ocrx_word' id='word_1_228' title='bbox 674 3446 792 3502; x_wconf 79' lang='lat' dir='ltr'><strong>vestros</strong></span> <span class='ocrx_word' id='word_1_229' title='bbox 813 3445 885 3501; x_wconf 79' lang='lat' dir='ltr'><strong>ente</strong></span> <span class='ocrx_word' id='word_1_230' title='bbox 908 3456 1031 3518; x_wconf 79' lang='lat' dir='ltr'><strong>pomos,</strong></span> <span class='ocrx_word' id='word_1_231' title='bbox 1053 3457 1093 3500; x_wconf 85' lang='lat' dir='ltr'><strong>ne</strong></span> <span class='ocrx_word' id='word_1_232' title='bbox 1116 3438 1239 3500; x_wconf 76' lang='lat' dir='ltr'><strong>oonsul-</strong></span> 
     </span>
     <span class='ocr_line' id='line_1_36' title="bbox 312 3520 1239 3602; baseline -0.002 -21"><span class='ocrx_word' id='word_1_233' title='bbox 312 3527 385 3581; x_wconf 87' lang='lat' dir='ltr'><strong>oent</strong></span> <span class='ocrx_word' id='word_1_234' title='bbox 406 3539 459 3581; x_wconf 84' lang='lat' dir='ltr'><strong>eas</strong></span> <span class='ocrx_word' id='word_1_235' title='bbox 480 3521 611 3602; x_wconf 87' lang='lat' dir='ltr'><strong>pedibus</strong></span> <span class='ocrx_word' id='word_1_236' title='bbox 634 3523 761 3600; x_wconf 46' lang='lat' dir='ltr'><strong>suisset</strong></span> <span class='ocrx_word' id='word_1_237' title='bbox 782 3540 875 3583; x_wconf 81' lang='lat' dir='ltr'><strong>eones</strong></span> <span class='ocrx_word' id='word_1_238' title='bbox 895 3522 1040 3587; x_wconf 75' lang='lat' dir='ltr'><strong>vconversi</strong></span> <span class='ocrx_word' id='word_1_239' title='bbox 1064 3520 1239 3599; x_wconf 83' lang='lat' dir='ltr'><strong>dirumpent</strong></span> 
     </span>
     <span class='ocr_line' id='line_1_37' title="bbox 312 3602 1237 3685; baseline 0.003 -23"><span class='ocrx_word' id='word_1_240' title='bbox 312 3622 379 3663; x_wconf 87' lang='lat' dir='ltr'><strong>vos.</strong></span> <span class='ocrx_word' id='word_1_241' title='bbox 421 3602 491 3665; x_wconf 86' lang='lat' dir='ltr'><strong>Hoe</strong></span> <span class='ocrx_word' id='word_1_242' title='bbox 518 3603 608 3665; x_wconf 90' lang='lat' dir='ltr'><strong>nobis</strong></span> <span class='ocrx_word' id='word_1_243' title='bbox 642 3604 722 3685; x_wconf 78' lang='lat' dir='ltr'><strong>opud</strong></span> <span class='ocrx_word' id='word_1_244' title='bbox 745 3623 802 3664; x_wconf 88' lang='lat' dir='ltr'><strong>vos</strong></span> <span class='ocrx_word' id='word_1_245' title='bbox 825 3604 963 3685; x_wconf 79' lang='lat' dir='ltr'><strong>contigit.</strong></span> <span class='ocrx_word' id='word_1_246' title='bbox 1009 3602 1140 3678; x_wconf 77' lang='lat' dir='ltr'><strong>Quando</strong></span> <span class='ocrx_word' id='word_1_247' title='bbox 1164 3622 1237 3665; x_wconf 88' lang='lat' dir='ltr'><strong>ero</strong></span> 
     </span>
     <span class='ocr_line' id='line_1_38' title="bbox 312 3622 1237 3766; baseline 0.001 -21"><span class='ocrx_word' id='word_1_248' title='bbox 312 3686 396 3746; x_wconf 89' lang='lat' dir='ltr'><strong>huno</strong></span> <span class='ocrx_word' id='word_1_249' title='bbox 418 3686 512 3747; x_wconf 84' lang='lat' dir='ltr'><strong>finem</strong></span> <span class='ocrx_word' id='word_1_250' title='bbox 533 3686 683 3764; x_wconf 79' lang='lat' dir='ltr'><strong>videmus,</strong></span> <span class='ocrx_word' id='word_1_251' title='bbox 706 3688 778 3766; x_wconf 92' lang='lat' dir='ltr'><strong>quid</strong></span> <span class='ocrx_word' id='word_1_252' title='bbox 802 3706 931 3747; x_wconf 89' lang='lat' dir='ltr'><strong>neeesse</strong></span> <span class='ocrx_word' id='word_1_253' title='bbox 955 3693 1001 3747; x_wconf 88' lang='lat' dir='ltr'><strong>est</strong></span> <span class='ocrx_word' id='word_1_254' title='bbox 1020 3684 1132 3745; x_wconf 84' lang='lat' dir='ltr'><strong>melum</strong></span> <span class='ocrx_word' id='word_1_255' title='bbox 1155 3622 1237 3746; x_wconf 38' lang='lat' dir='ltr'><strong>mezo</strong></span> 
     </span>
     <span class='ocr_line' id='line_1_39' title="bbox 313 3768 1238 3851; baseline 0.002 -22"><span class='ocrx_word' id='word_1_256' title='bbox 313 3768 451 3830; x_wconf 80' lang='lat' dir='ltr'><strong>addere?</strong></span> <span class='ocrx_word' id='word_1_257' title='bbox 485 3769 615 3831; x_wconf 88' lang='lat' dir='ltr'><strong>Oremus</strong></span> <span class='ocrx_word' id='word_1_258' title='bbox 635 3771 739 3851; x_wconf 91' lang='lat' dir='ltr'><strong>potius</strong></span> <span class='ocrx_word' id='word_1_259' title='bbox 761 3771 926 3831; x_wconf 87' lang='lat' dir='ltr'><strong>Dominum</strong></span> <span class='ocrx_word' id='word_1_260' title='bbox 957 3769 1238 3846; x_wconf 49' lang='lat' dir='ltr'><strong>eommunitersut</strong></span> 
     </span>
    </p>
   </div>
   <div class='ocr_carea' id='block_1_3' title="bbox 387 4034 817 4104">
    <p class='ocr_par' dir='ltr' id='par_1_5' title="bbox 387 4034 817 4104">
     <span class='ocr_line' id='line_1_40' title="bbox 387 4034 817 4104; baseline 0.007 -14"><span class='ocrx_word' id='word_1_261' title='bbox 387 4035 419 4104; x_wconf 76' lang='lat'><strong>⁸)</strong></span> <span class='ocrx_word' id='word_1_262' title='bbox 438 4034 534 4092; x_wconf 70' lang='lat' dir='ltr'><strong>naun.</strong></span> <span class='ocrx_word' id='word_1_263' title='bbox 556 4036 582 4092; x_wconf 86' lang='grc'><strong>5.</strong></span> <span class='ocrx_word' id='word_1_264' title='bbox 814 4064 817 4071; x_wconf 40' lang='grc' dir='ltr'><strong><em>ν</em></strong></span> 
     </span>
    </p>
   </div>
   <div class='ocr_carea' id='block_1_4' title="bbox 0 0 1584 4792">
    <p class='ocr_par' dir='ltr' id='par_1_6' title="bbox 0 0 1584 4792">
     <span class='ocr_line' id='line_1_41' title="bbox 0 0 1584 4792; baseline 0 0"><span class='ocrx_word' id='word_1_265' title='bbox 0 0 1584 4792; x_wconf 95' lang='lat' dir='ltr'><strong> </strong></span> 
     </span>
    </p>
   </div>
  </div>
 </body>
</html>
