3159 4792
345 502 387 569 96
571 502 689 563 Tassat·
701 508 819 566 console
833 511 862 563 l).
879 510 1048 565 linconen

258 716 260 735 ¹
346 702 380 757 ut
399 697 548 775 sciamus,
582 698 663 776 quod
695 699 721 759 si
743 706 816 759 tunc
837 707 1030 779 praesentem
1050 698 1268 759 bussacenis

346 778 435 841 nobis
457 779 606 859 videmus,
629 780 752 859 quaudo
775 800 841 842 non
862 783 1092 863 cogitabamus,
1107 797 1166 842 nec
1185 780 1268 841 vida·

346 862 435 924 batur
467 863 597 942 adesse,
629 865 689 923 iam
714 882 838 945 quoque
872 873 1067 945 praesentem
1105 882 1175 926 esse
1205 882 1268 923 non

347 946 529 1021 dubitemus,
552 947 624 1007 dum
647 946 763 1009 absens·
779 948 870 1008 nobis
894 949 1021 1010 videtur.
1058 948 1142 1009 ‘Nam
1164 948 1269 1028 quiin

348 1030 452 1091 multis
474 1030 709 1093 necessitatibus
732 1050 790 1091 nos
813 1033 880 1091 sine
901 1034 991 1093 nobis
1007 1034 1152 1112 suscepit,
1175 1032 1268 1091 etiam

346 1114 378 1173 in
400 1112 533 1192 modico,
557 1115 676 1173 etiamsi
699 1113 913 1195 derelinquere
925 1115 1074 1196 videatur,
1095 1121 1159 1175 nob
1183 1114 1268 1174 dere-

346 1196 481 1275 linquet,
518 1199 596 1257 sicut
616 1198 647 1257 in
665 1198 760 1259 Esaia
773 1197 809 1281 ²¹¹)
835 1199 923 1259 dicit:
955 1200 1004 1259 Ad
1027 1204 1271 1260 momentumet

348 1279 500 1340 modicum
524 1280 672 1359 dereliqui
694 1289 740 1361 te,
774 1289 806 1342 et
826 1283 856 1341 in
880 1282 1127 1343 miserationibus
1150 1280 1270 1361 magnis

348 1364 548 1443 congregabo
573 1374 612 1425 te.
700 1388 703 1396 ‘

357 1477 359 1485 ι
430 1446 484 1505 His
507 1448 532 1505 si
554 1446 665 1507 addas:
701 1446 774 1521 Quis
808 1449 904 1507 noemi
946 1458 1049 1507 curam
1085 1447 1191 1507 habuit
1225 1452 1272 1505 tot

348 1535 456 1591 noctes
480 1530 716 1590 dormientium?
746 1531 813 1609 quis
841 1548 897 1611 pro
921 1531 1011 1591 nobis
1034 1530 1183 1592 sollicitus
1204 1529 1271 1604 fnit,

348 1614 470 1693 quoties
493 1613 712 1691 laboravimus,
735 1614 873 1693 lusimus,
897 1621 928 1675 et
950 1616 1057 1674 omnia
1076 1613 1131 1673 illa
1151 1610 1272 1672 infinita

349 1698 484 1777 egimus,
506 1697 536 1755 in
560 1696 668 1776 quibus
691 1697 766 1763 nihil
787 1698 847 1777 ipsi
869 1716 924 1776 pro
954 1697 1044 1757 nobis
1066 1697 1190 1756 solliciti
1217 1695 1271 1754 iui-

349 1780 437 1839 mns?
455 1840 457 1843 ,
474 1779 539 1840 Aut
561 1788 708 1859 quantum
731 1788 779 1839 est
801 1789 936 1860 tempus,
959 1799 1026 1859 quo
1049 1781 1145 1840 nostri
1168 1787 1271 1837 curam

348 1863 517 1923 habemus?
540 1862 752 1943 lpsecvarus,
775 1862 846 1921 dnm
869 1863 1018 1923 sollicitus
1041 1873 1089 1923 est
1110 1861 1271 1942 pecuniam

295 2019 298 2026 Ι
349 1964 511 2025 quaerere,
543 1948 574 2005 in
603 1946 781 2023 quaerendo
814 1953 846 2005 et
877 1946 1000 2026 agendo
1034 1945 1271 2006 sollicitudinem

348 2037 471 2109 ponat,
498 2043 626 2088 necesse
665 2036 720 2088 esti
764 2028 810 2088 lta
834 2029 987 2106 videmus,
1015 2048 1108 2107 quam
1130 2030 1274 2088 universa

349 2122 455 2172 nostra
487 2130 575 2189 cura,
612 2111 756 2188 velimus,
789 2112 937 2191 nolimus,
968 2112 1008 2171 ad
1036 2113 1135 2174 Deum
1172 2110 1272 2171 solum

349 2195 465 2272 redeat,
488 2196 542 2254 vix
564 2196 716 2255 rarissima
746 2196 836 2255 nobis
866 2205 973 2256 nostru
994 2196 1092 2256 relicti
1129 2193 1273 2256 consilio.

351 2276 442 2353 Quod
464 2286 567 2339 tamen
590 2287 622 2338 at
643 2280 742 2358 ipsum
765 2278 837 2339 ideo
859 2278 932 2339 facit
953 2280 1120 2358 Dominus,
1153 2284 1187 2338 nt
1208 2283 1273 2338 eru·

350 2362 494 2425 diatnoa
518 2362 555 2422 ad
579 2361 810 2442 agnoscendam
833 2380 918 2421 suam
943 2362 1130 2440 bonitatem,
1164 2368 1198 2421 ut
1219 2361 1275 2421 ali-

351 2445 481 2524 quandc
509 2444 686 2523 videamus,
726 2451 872 2524 quantum
904 2448 1025 2506 intersit
1039 2466 1042 2478 ·
1057 2449 1137 2506 inter
1169 2454 1273 2505 curam

351 2544 438 2587 suam
460 2524 491 2588 ct
513 2538 659 2589 nostram.
703 2528 748 2591 lta
769 2527 820 2604 fit,
843 2537 887 2589 ut
921 2545 979 2589 nos
1002 2518 1189 2608 quandoque
1214 2529 1273 2587 leri

353 2611 459 2673 morbo
482 2612 585 2671 aliove
608 2611 689 2671 malo
712 2612 794 2671 sinat
814 2613 938 2692 impeti,
967 2612 1163 2684 dissimulans
1186 2628 1273 2671 suurn

352 2712 455 2754 curam
480 2699 561 2777 (non
584 2696 665 2755 enim
689 2694 857 2773 aliquando
879 2713 943 2756 non
966 2697 1088 2777 aurat),
1116 2695 1208 2755 simul
1230 2702 1273 2754 ta-

353 2795 424 2837 men
448 2778 624 2858 prohibens,
647 2791 686 2837 ne
710 2785 756 2837 tot
775 2779 866 2854 rnala,
889 2785 965 2858 quot
984 2781 1115 2858 instant,
1137 2777 1274 2855 undique

278 2916 282 2939 ‚
353 2862 443 2921 simul
464 2863 589 2940 irruant,
613 2868 645 2921 ut
666 2880 724 2920 nos
744 2862 825 2921 sicut
846 2861 961 3004 fillqlos
975 2864 1151 2923 carissimos
1164 2868 1274 2936 tentet,

352 2962 392 3005 an
414 2964 489 3006 suae
523 2954 614 3005 curae
644 2952 700 3025 pei·
729 2958 852 3005 omnem
881 2948 972 3005 aiam
1002 2948 1095 3006 vitam
1127 2946 1274 3025 cognitae

352 3029 482 3091 volimus
505 3048 563 3098 nos
586 3030 727 3105 credere,
760 3036 791 3089 et
814 3048 905 3108 quam
927 3030 1043 3089 inutilia
1065 3038 1098 3089 et
1117 3032 1273 3107 impotens

351 3116 393 3174 sit
413 3120 518 3174 nostra
540 3110 759 3188 cura,videre·.
786 3112 870 3187 ,Quid
892 3114 972 3171 enim
995 3112 1085 3173 nobis
1098 3129 1273 3193 prosumus,

353 3204 406 3257 aut
427 3214 589 3275 possemus
612 3193 761 3275 prodesse
781 3204 850 3256 tota
875 3198 955 3273 vita,
990 3196 1041 3275 qui
1069 3197 1192 3280 unicum
1220 3195 1274 3254 do·

353 3281 451 3341 loram
474 3281 568 3339 cruris
587 3280 771 3359 ‘parvissimo
784 3277 814 3360 Ι)
839 3286 978 3359 tempore
1000 3296 1108 3340 aurare
1120 3290 1183 3340 nou
1203 3293 1274 3358 pos-

353 3362 481 3424 sumus?
700 3412 703 3425 ,
1162 3387 1166 3398 ⁴
1257 3387 1260 3397 ·

329 3450 331 3457 “
437 3444 517 3521 Quid
538 3464 613 3526 ergo
647 3453 711 3506 tam
740 3448 824 3506 anxii
851 3462 957 3509 sumus
980 3448 1011 3507 in
1041 3446 1274 3527 'puncto’unius

353 3531 495 3613 periculi,
518 3539 570 3589 aut
585 3530 682 3609 mali,
710 3550 768 3591 neo
790 3531 819 3588 ei
841 3548 944 3590 curam
966 3530 1274 3611 relinquimus,'cum

355 3620 418 3677 vita
439 3617 508 3695 ipsa
530 3622 607 3673 teste
630 3621 678 3674 tot·
696 3616 784 3675 malis
807 3612 845 3673 ab
867 3632 905 3674 eo
936 3615 1012 3674 eruti
1042 3613 1212 3694 sumns2),
1246 3620 1279 3672 et
1327 3687 1330 3692 γ

355 3700 469 3766 servati
492 3701 558 3759 sine
582 3706 686 3757 nostro
710 3697 835 3777 studio?
857 3697 928 3775 leta,
950 3699 1085 3777 inquam,
1112 3707 1206 3757 noss'e
1229 3704 1278 3756 est

356 3800 451 3865 opera
473 3784 530 3845 Dei
554 3799 662 3862 nosse,
685 3782 824 3843 meditari
846 3782 877 3841 in
900 3782 1046 3861 operibus
1068 3783 1150 3857 eiua,
1185 3787 1218 3840 et
1239 3798 1278 3839 ea

429 3978 459 4041 1)
482 3980 512 4030 ln
531 3978 572 4031 ad.
593 3976 668 4029 Jemz
698 3974 884 4027 brevissimo.'
918 3972 947 4039 2)
966 3971 1049 4027 ibid:
1078 3973 1149 4024 eruti
1180 3973 1278 4024 simus.

429 4052 459 4117 ⁸)
482 4050 544 4103 lise.
564 4048 606 4105 bl.
