3159 4792
622 526 719 575 eontra
736 476 916 575 Antinomos.
1161 519 1224 583 441

305 708 578 789 que-relinquere,
612 716 661 771 est
688 708 827 770 morbum
857 710 976 789 peceati
1007 715 1039 769 et
1054 709 1164 768 mortis
1186 706 1225 768 ad

304 793 470 872 p‘ernioiem
494 793 667 855 hominibus
690 792 855 854 ooeultare.

366 878 416 939 70.
439 875 575 938 Sublatis
599 882 698 939 morte
719 883 750 937 et
771 880 902 958 peceato
920 878 972 951 (ut
983 873 1120 934 Christus
1132 872 1223 949 feeit)

304 958 437 1019 lelieiter
459 958 627 1039 tolleretur,
650 961 713 1020 imo
735 960 787 1020 lex
810 957 1004 1035 stabiliretur,
1025 957 1116 1017 Rom.
1138 959 1168 1020 3.

347 1174 578 1257 Disputatio
613 1182 724 1235 sexta
752 1174 790 1237 D.
818 1174 975 1236 Martini
1005 1173 1185 1252 Lutheri',

564 1263 701 1319 contra
724 1258 966 1319 Antinomos.

618 1394 709 1455 Anno
731 1394 776 1465 M..
794 1393 831 1454 D.
853 1391 912 1454 XL.

389 1532 416 1591 1.
439 1528 502 1590 Ista
522 1530 744 1607 consequentia
765 1527 795 1591 S.
817 1527 914 1606 Pauli,
936 1526 987 1588 ubi
1009 1546 1072 1588 non
1094 1534 1141 1586 est
1162 1482 1224 1604 leri,

305 1611 347 1673 ibi
369 1631 428 1673 neo
451 1613 690 1693 praevaricatio,
723 1630 785 1673 non
817 1610 917 1671 solum
947 1610 1138 1691 theologiee,
1170 1609 1247 1673 sed.

305 1696 397 1757 etiarn
420 1695 547 1776 politioe
570 1704 601 1756 et
622 1695 801 1755 naturaliter
821 1693 905 1756 bone
925 1702 982 1756 est.

388 1782 416 1842 9.
448 1778 593 1841 Similiter
614 1785 645 1839 et
665 1778 730 1855 illa,
752 1776 803 1839 ubi
823 1797 888 1840 non
911 1785 959 1839 est
978 1782 1156 1858 peoeatum,
1183 1774 1226 1845 ihi

305 1881 363 1923 nee
385 1880 488 1942 poena
510 1880 568 1922 neo
588 1862 739 1923 remissio.
1126 1888 1130 1900 ·

387 1946 417 2011 3.
440 1944 585 2007 Similiter
607 1951 638 2005 et
658 1944 721 2022 illa,
744 1942 795 2005 uhi
817 1961 880 2005 non
902 1950 950 2004 est
975 1962 1079 2026 poena
1099 1961 1157 2002 nee
1178 1962 1224 2001 re·

305 2028 421 2107 missin,
443 2027 486 2089 ibi
508 2047 567 2089 nee
588 2030 633 2091 ira
655 2047 714 2089 neo
735 2028 844 2109 gratia.

388 2112 417 2175 4.
440 2108 585 2172 Similiter
608 2118 639 2173 et
659 2110 722 2190 illa,
744 2107 796 2173 ubi
818 2128 881 2171 non
903 2117 952 2170 est
972 2111 1017 2170 ira
1038 2111 1097 2170 neo
1117 2108 1226 2189 gratia,

303 2194 345 2255 ihi
369 2214 427 2255 nee
449 2193 553 2255 divina
574 2213 633 2255 nee
653 2194 788 2255 humana
809 2192 1001 2277 gubernatio,

388 2282 417 2343 5.
441 2276 587 2340 Similiter
608 2285 640 2338 et
659 2276 723 2355 ille,
746 2276 798 2338 ubi
819 2295 882 2337 non
904 2282 953 2337 est
974 2275 1077 2336 divina
1099 2271 1157 2335 neo
1173 2274 1226 2335 hu-

306 2380 399 2422 mana
420 2360 613 2442 gubernatiO,
633 2358 677 2421 ibi
698 2378 757 2421 neo
772 2360 856 2420 Deus
877 2378 936 2420 neo
956 2358 1060 2421 homo.

388 2447 417 2509 6.
440 2442 585 2505 Similiter
608 2450 639 2505 et
659 2444 721 2523 illa,
744 2443 795 2505 ubi
810 2461 873 2504 non
891 2449 939 2503 est
949 2443 1032 2503 Deus
1048 2460 1105 2503 neo
1121 2440 1226 2517 homo,

303 2526 346 2589 ibi
368 2527 442 2587 nihil
465 2528 524 2588 nisi
546 2527 626 2589 forte
648 2526 824 2605 diabolus.-

386 2614 414 2675 7.
437 2609 506 2686 Quo
528 2608 571 2687 flt,
594 2618 627 2671 ut
645 2609 899 2689 Antinomilegis
920 2610 1027 2671 hostes
1049 2610 1112 2669 sint
1131 2606 1226 2688 plane

304 2694 353 2753 vel
374 2694 432 2773 ipsi
456 2691 580 2771 diaboli,
603 2694 653 2754 vel
675 2693 790 2755 diaboli
812 2693 930 2755 fratres.
1051 2739 1055 2753 .

389 2777 418 2840 8.
446 2776 530 2837 Nihil
550 2779 636 2838 iuvat
656 2776 859 2855 Ammonos,
893 2774 976 2853 quod
999 2774 1170 2855 gloriantur
1192 2792 1227 2834 se

305 2858 344 2921 de
366 2860 444 2935 Deo,
467 2858 598 2936 Christo,
620 2860 727 2940 gratia,
749 2859 821 2938 lege
843 2865 901 2917 ete.
924 2856 1055 2936 plurime
1076 2856 1199 2917 dooere.

389 2945 417 3007 9.
439 2942 509 3003 Non
531 2959 646 3003 novum
668 2961 727 3002 neo
747 2960 848 3001 rarum
872 2945 932 3015 est,
965 2958 1079 3000 nomen
1102 2937 1227 2998 Domini

304 3028 336 3087 in
361 3044 472 3086 vanum
495 3026 585 3104 sumi,
608 3027 699 3087 etiam
723 3025 762 3086 ab
783 3023 859 3104 ipsis
880 3021 1092 3085 daemonibus.

369 3106 416 3173 10.
446 3108 684 3169 Antinomorum
707 3106 861 3169 confessio
883 3105 990 3166 similis
1017 3112 1064 3165 est
1085 3103 1144 3180 illi,
1177 3101 1228 3163 ubi

305 3192 475 3254 daemones
492 3192 639 3252 clamant:
662 3190 708 3252 Tu
733 3210 765 3251 es
787 3188 868 3249 filius
880 3190 937 3249 Dei
949 3188 1021 3266 vivi,
1043 3187 1115 3249 Lue.
1127 3186 1227 3250 4'et8.

370 3278 417 3339 11.
447 3274 487 3335 Ε1
518 3274 640 3335 illorum
675 3272 1014 3356 pseudoprophetarum
1045 3272 1227 3346 iuramento,

306 3359 390 3420 Vivit
418 3358 585 3434 Dominus,
619 3377 687 3418 eum
721 3364 824 3419 tamen
858 3355 937 3416 falso
964 3355 1115 3434 iurarent,
1149 3360 1228 3413 teste

306 3441 387 3503 isaia
409 3449 439 3501 et
459 3438 597 3504 ieremia.
680 3500 707 3511 ,Δ
891 3490 894 3496 ,

368 3526 416 3587 12.
440 3522 499 3598 Qui
519 3521 620 3603 legem
643 3521 840 3583 damnantem
857 3531 951 3602 negat
964 3520 1136 3584 docendam
1150 3538 1228 3596 esse,

305 3627 338 3668 re
360 3609 429 3688 ipsa
449 3606 551 3686 legem
574 3604 752 3686 simpliciter
773 3613 876 3686 negat¹

371 3691 418 3754 13.
448 3689 496 3749 Ao
517 3691 543 3749 sl
565 3688 638 3769 quid
661 3687 700 3749 de
731 3688 802 3769 lege
834 3688 943 3766 donet,
978 3686 1116 3748 velamen
1139 3685 1228 3764 Masi,

307 3793 370 3835 non
392 3772 503 3833 faeiem
527 3772 640 3833 alaram
665 3777 696 3833 et
716 3790 838 3850 rerem,
861 3771 899 3831 id·
915 3777 979 3849 est,
1000 3770 1164 3856 earnaliter
1184 3769 1229 3830 in·

308 3856 463 3919 telleetem
487 3856 588 3918 docet.
704 3914 706 3917 ,

343 3978 346 3994 =
372 3941 419 4003 14.
450 3937 513 3999 Lex
548 3958 611 4000 non
641 3936 790 4000 damnans
819 3942 867 3997 est
898 3935 951 3996 lei:
978 3934 1051 4021 fleta
1077 3944 1108 3997 et
1137 3938 1229 4019 pieta,

308 4024 386 4085 siout
408 4022 570 4084 Chimaera
591 4027 644 4083 aut
664 4018 890 4102 Tragelephus.
955 4022 965 4093 j
1000 4048 1003 4054 ,
