3159 4792
175 2842 177 2853 ·
279 2826 391 2869 omues
415 2808 447 2869 lu

538 544 571 597 ad
590 542 755 599 schedulam
772 545 955 601 inhibitionis.
1141 546 1208 613 147

284 730 448 791 Docebunt
469 747 528 792 nos
558 730 624 791 sine
652 730 763 810 dublo,
797 732 870 811 quid
892 733 932 793 sit
951 749 1008 813 pro
1035 733 1155 796 honora
1177 734 1208 798 8.

282 814 436 873 ecclesiae
472 823 503 875 et
541 815 710 875 animasum
733 815 831 875 saluts
860 816 1056 878 laudabiliter
1080 831 1208 879 certare.

349 898 501 973 ,Primum
523 898 617 976 aiunt,
642 913 712 958 essa
734 900 892 959 novissimi
906 900 1123 961 Lateranensis
1136 920 1208 962 con·

283 980 343 1041 cilii
366 984 532 1058 statutum,
569 987 602 1039 ut
623 998 684 1041 una
710 983 830 1061 species
859 982 947 1043 laicis
969 991 1087 1044 tantum
1109 984 1206 1046 detur.

283 1063 313 1123 si
336 1064 419 1124 hacc
441 1064 570 1125 Bohemi
593 1062 714 1144 legant,
749 1072 840 1145 putas
876 1066 948 1145 qnid
984 1073 1054 1127 sunt
1077 1067 1206 1129 dicturi?

281 1146 360 1207 Nam
395 1147 485 1207 huius
521 1146 686 1207 schedulae
714 1146 786 1207 idea
814 1147 1008 1229 doctissima,
1040 1150 1207 1231 Bohonios,

282 1229 395 1305 orado,
419 1247 483 1290 non
505 1228 667 1291 arbitratur
678 1230 821 1291 hominos
842 1248 929 1308 esse,
956 1233 1011 1292 aed
1034 1252 1135 1297 meros
1157 1236 1208 1294 sti-

281 1314 360 1393 pites
386 1320 417 1373 et
447 1319 584 1375 truncos.
627 1311 708 1387 Quid
735 1314 818 1373 euim
848 1314 985 1395 trigidius
1009 1324 1039 1375 et
1066 1317 1207 1377 stolidius

282 1396 385 1475 potuit
415 1395 527 1455 adduci
564 1395 711 1456 advorsus
743 1397 877 1457 schisma
909 1418 965 1459 seu
989 1405 1040 1473 (ut
1074 1403 1204 1478 vocant)

282 1494 421 1538 errorem
437 1487 558 1539 centuni
581 1494 741 1559 annorum,
765 1497 856 1559 quam
869 1488 1014 1541 statutum
1027 1483 1078 1540 vix
1099 1483 1207 1543 decem

282 1562 459 1622 annorum?
492 1569 555 1621 tum
585 1562 649 1621 eius
672 1563 815 1641 concilii,
849 1563 932 1642 quod
954 1565 1102 1624 Romanis
1132 1567 1209 1645 ipsis

282 1643 415 1705 ludibrio
438 1646 573 1723 vertitur,
595 1662 633 1704 aa
652 1646 708 1717 toti
729 1662 831 1724 paene
853 1647 929 1707 orbi.
952 1645 1042 1721 Quod
1066 1650 1092 1707 si
1113 1651 1206 1707 etiam

281 1728 402 1788 Nicone
437 1746 493 1808 par
527 1733 624 1807 esset,
657 1746 762 1788 nonne
796 1728 899 1789 adhoc
918 1729 1081 1793 ridiculum
1103 1737 1150 1791 eat
1163 1729 1207 1813 1),

282 1826 419 1871 cruorem
443 1830 506 1871 non
528 1828 622 1890 posse
643 1810 865 1890 antiquioribus
887 1814 956 1892 ipso
971 1814 1130 1874 confutata
1151 1813 1207 1874 do-

282 1894 457 1954 cumentis?
481 1892 567 1967 Quae
589 1892 747 1953 haeresis?
770 1896 837 1973 quia
852 1898 978 1957 cruorin
1001 1897 1134 1957 ecclesia
1154 1915 1207 1956 un-

283 1993 376 2056 quam
400 1976 499 2037 victus
522 1984 569 2036 est
590 1975 738 2037 doctrinis
764 1985 838 2057 post
856 1996 891 2039 se
911 1980 1008 2058 natis,
1030 1987 1121 2041 etex
1144 1981 1207 2059 qui-

284 2061 339 2120 bus
366 2062 435 2139 ipse
456 2067 546 2119 natus
567 2073 630 2121 non
653 2060 721 2119 ost?
757 2059 845 2134 Quae
866 2070 969 2122 autem
991 2062 1091 2143 gloria
1111 2065 1208 2124 victo-

282 2146 354 2219 riae,
378 2145 405 2203 si
428 2136 561 2203 voterem
577 2158 711 2204 errorem
734 2161 897 2224 oppugnes
918 2162 980 2206 non
1002 2147 1066 2207 alia
1084 2149 1125 2225 vi,
1149 2148 1206 2206 uisi

283 2226 366 2305 quod
390 2244 473 2286 nove
493 2227 677 2286 contrariam
692 2228 801 2287 statuis
812 2228 977 2287 humanam
1000 2229 1207 2289 seutentiam?

283 2314 430 2369 Attamen
452 2310 511 2369 iste
539 2320 607 2368 nuos
629 2308 722 2369 hodio
751 2319 863 2390 regnat
883 2310 1104 2372 vincendorum
1127 2332 1206 2372 erro-

281 2410 365 2470 runi,
388 2391 461 2453 ideo
484 2398 545 2451 tam
566 2388 697 2454 feliciter
728 2412 917 2474 pugnamus,
939 2394 1001 2454 hoo
1019 2402 1084 2473 est,
1105 2395 1210 2455 irride-

282 2472 393 2553 mur2)
418 2471 605 2537 foedissime.
650 2534 653 2543 Δ

366 2558 437 2619 Νοι]
460 2558 539 2618 haec
552 2556 631 2635 dico,
654 2558 738 2637 quod
750 2558 894 2620 damnem
909 2561 1032 2622 concilii
1048 2567 1206 2638 statutum,

281 2641 336 2703 sed
360 2634 444 2721 quod
466 2640 607 2737 indigner
638 2640 685 2699 hia
709 2642 859 2721 capitibus
888 2644 1116 2723 gravedinosis,
1153 2646 1205 2723 qai

281 2744 339 2785 sua
359 2726 578 2867 intempestiva
600 2740 735 2784 errorum
759 2732 790 2785 et
804 2726 891 2786 nihili
913 2728 1126 2788 contutatione
1146 2746 1204 2789 nos

468 2806 547 2867 ibrio
571 2815 731 2886 exponunt
751 2808 915 2888 Hebenus,
937 2828 1016 2889 quos
1038 2829 1107 2870 cum
1129 2813 1203 2870 scia-

279 2910 347 2951 mus
361 2896 544 2971 exspectare
556 2891 751 2951 autoritatem
765 2890 941 2972 Scripturas
957 2901 989 2953 et
1009 2895 1204 2973 antiquorum

279 2976 414 3050 Padum,
437 2975 623 3053 opponimus
634 2992 696 3034 non
720 2975 779 3033 nisi
790 2977 1028 3035 novissimorum
1046 2976 1204 3035 hominum

278 3059 465 3119 novissimas
482 3057 671 3135 quisquilias.
714 3058 828 3117 Varum
849 3058 990 3130 Bohemi,
1011 3057 1097 3136 nolo,
1119 3075 1205 3137 prae-

282 3147 407 3201 sumant
440 3158 499 3199 nec
528 3139 653 3200 uideant
684 3154 795 3203 omncs
815 3149 942 3222 propter
974 3142 1033 3201 hos
1053 3140 1134 3201 duos
1155 3148 1208 3201 aut

282 3232 345 3285 tres
368 3222 549 3285 rudissimos
582 3223 812 3303 sycophantas,
847 3231 920 3284 sunt
940 3224 1008 3302 alii,
1039 3226 1091 3304 qui
1118 3226 1206 3285 unius

279 3308 397 3387 speciei
411 3321 499 3366 usum
516 3306 676 3385 suadeant,
698 3306 878 3368 melioribus
888 3308 1093 3387 documentis,
1115 3324 1205 3388 quam

277 3392 329 3450 isti
351 3390 483 3450 fartores
505 3388 632 3451 iaciunt.

363 3472 428 3533 Iam
462 3484 536 3532 vero
565 3471 717 3533 Achillam
752 3491 840 3536 snum
872 3472 1062 3553 producunt,
1095 3491 1207 3552 nempe

277 3554 354 3617 illud
374 3556 544 3635 Sapientis:
568 3552 678 3616 Melior
699 3564 747 3617 cst
767 3557 946 3618 obedientia
961 3574 1052 3635 quam
1075 3558 1206 3617 victima.

278 3640 329 3699 Ex
354 3658 415 3718 quo
437 3657 493 3719 pro
531 3638 713 3699 admiranda
742 3639 904 3700 dialectica
932 3658 988 3698 aua
1012 3638 1208 3715 concludunt,

277 3724 451 3783 novissimo
477 3722 611 3782 concilio
624 3740 694 3782 esso
707 3722 923 3783 obediendum.
966 3721 999 3782 Si
1022 3722 1209 3801 hicquaerat

276 3805 455 3883 Bohenius,
478 3803 530 3864 ubi
552 3822 627 3885 argo
650 3805 707 3865 luit
729 3805 906 3867 obedientia
927 3804 982 3865 illa
1004 3811 1076 3865 ante
1097 3804 1206 3865 decem

351 3993 382 4061 1)
405 3993 435 4045 ln
455 3992 499 4047 ed.
521 3992 594 4046 len:
613 3981 695 4047 asset.
734 3993 764 4057 2)
784 3992 867 4046 ibid:
887 3990 1045 4046 irridemus.
1159 4022 1163 4025 -

352 4062 382 4133 ¹)
403 4064 500 4117 Matth.
524 4066 563 4119 15.
645 4108 649 4115 .
955 4136 995 4200 10
