3159 4792
267 3796 275 3833 l

392 518 465 622 *ill
632 560 740 613 Terror.
761 558 875 616 Consul.
894 558 927 612 D.
946 557 981 611 lt.
1000 558 1111 611 lntbari

402 761 495 805 eoam.
540 745 578 804 nt
599 745 705 823 iustus,
727 745 753 804 si
771 751 875 804 morte
895 750 1142 823 praeoooupatue
1160 742 1267 820 merit,
1288 742 1320 804 in

400 828 557 909 refrigerio
581 829 655 905 erit,
691 826 742 887 ubi
765 834 874 888 eontra
898 828 1000 907 impiis
1029 844 1111 887 mora
1132 826 1251 890 initium
1275 833 1322 887 est

404 910 564 987 malorum,
588 911 667 970 siout
687 910 778 971 dioit:
801 911 884 971 Mors
904 916 1100 990 peecatorum
1123 910 1267 982 pessima,
1290 916 1322 968 et

400 996 495 1054 virum
518 994 662 1053 iniustum
686 992 768 1055 mala
789 995 914 1074 sapient
932 996 963 1053 in
985 994 1119 1053 interitu.
1162 991 1214 1054 Sie
1230 991 1322 1051 Lara-

400 1096 450 1136 rus
481 1076 704 1154 consolabitur,
738 1078 788 1156 qui
828 1078 944 1156 recepit
974 1076 1025 1137 hio
1054 1096 1110 1136 sua
1136 1075 1234 1152 mala,
1269 1074 1320 1135 ubi

399 1160 491 1239 epulo
516 1160 708 1238 cruciabitur,
729 1162 803 1239 quia
822 1161 941 1239 reeepit
961 1160 1011 1220 hio
1032 1178 1087 1219 sua
1107 1159 1201 1220 bona.

482 1242 585 1323 Siolit,
610 1251 642 1303 ut
656 1243 857 1320 Christianus,
881 1243 1114 1318 sivemoriatur,
1136 1243 1203 1303 sive
1225 1241 1320 1315 vivat,

398 1326 651 1405 sempermelius
672 1326 793 1388 habeat.
838 1326 926 1387 Adeo
956 1326 1048 1386 beata
1075 1344 1127 1387 res
1150 1331 1215 1402 est,
1250 1343 1321 1383 esre
1403 1377 1404 1404 ,

399 1408 620 1487 Christianum,
652 1417 684 1469 et
714 1410 745 1469 in
769 1409 920 1470 Christum
948 1409 1085 1469 eredere.
1106 1452 1109 1460 .
1133 1408 1225 1469 Unde
1244 1408 1319 1467 Pao-

399 1492 446 1552 lus
461 1492 494 1567 *t
521 1492 610 1553 dioit:
644 1492 717 1559 Mihi
740 1495 845 1553 vivere
866 1492 1004 1553 Christus
1027 1500 1093 1568 est,
1124 1497 1160 1552 et
1177 1491 1256 1551 mori
1278 1490 1320 1549 lu-

398 1594 496 1654 erum,
526 1583 557 1636 et
578 1576 668 1636 Rom.
684 1578 722 1638 14
737 1574 786 1656 ¹):
815 1574 875 1651 Qui
897 1577 981 1653 vivit,
1003 1576 1137 1636 Domino
1160 1575 1245 1650 vivit,
1269 1575 1319 1653 qai

398 1660 540 1736 moritur,
563 1660 697 1719 Domino
721 1660 864 1738 morian,
893 1659 959 1719 sive
981 1678 1055 1739 ergo
1077 1659 1226 1734 vivimus,
1254 1657 1320 1716 sive

395 1744 552 1820 morimur,
574 1742 698 1805 Domini
712 1762 826 1803 sumus.
858 1742 947 1803 Hane
968 1740 1160 1803 securitatem
1181 1740 1320 1801 Christus

397 1826 486 1885 nobis
509 1826 655 1901 obtinuit,
678 1826 760 1905 quod
784 1833 921 1886 mortuus
944 1832 1007 1902 est,
1028 1832 1062 1885 et
1080 1824 1265 1902 resurrexit,
1289 1831 1320 1883 ut

396 1908 546 1968 Dominus
569 1916 652 1968 esset
673 1911 810 1969 vivorum
833 1915 868 1968 et
886 1916 1091 1986 mortuorum,
1121 1915 1233 1988 potens
1261 1926 1320 1967 nos

385 1990 497 2051 'faeere
519 2009 665 2068 seouros,
694 1993 808 2051 tamin
840 1993 903 2051 vite
923 2010 1015 2070 quam
1036 1993 1068 2051 in
1089 1998 1208 2067 morte,
1239 1991 1320 2049 siout

389 2074 475 2136 'Psat
499 2076 537 2135 22
552 2072 583 2151 2)
620 2074 707 2135 dioit:
736 2074 768 2135 si
802 2074 957 2135 ambulem
989 2075 1022 2133 in
1051 2074 1154 2135 medio
1191 2072 1319 2133 umbrae

396 2158 513 2233 mortis,
535 2176 598 2217 non
622 2156 737 2217 timebo
761 2158 852 2234 mala,
875 2159 1021 2237 quoniam
1043 2164 1076 2217 tu
1098 2175 1220 2217 meeum
1242 2175 1287 2216 es.

390 2270 402 2277 -ι
480 2239 571 2315 Quod
595 2242 619 2299 si
642 2240 701 2301 hoo
723 2240 839 2301 luorum
863 2242 970 2305 mortis
993 2260 1100 2321 porum
1123 2246 1238 2318 ¹¹³⁰V0b
1262 2242 1321 2320 ⁸58·

398 2342 469 2382 num
494 2331 542 2384 est
562 2322 655 2384 fidem
667 2323 779 2389 Christi
801 2323 951 2383 infirmam
973 2326 1004 2383 in
1026 2323 1119 2385 nobis
1137 2340 1217 2399 aare,
1239 2341 1321 2402 quae

397 2408 525 2486 pretium
548 2415 579 2467 et
600 2408 715 2467 luorum
739 2406 841 2467 honae
853 2408 960 2467 mortis
983 2426 1046 2467 non
1067 2407 1143 2467 eatis
1159 2407 1320 2484 aestimat,
1403 2421 1404 2466 1

395 2497 448 2549 aut
470 2490 580 2550 bouum
605 2508 674 2549 esse
696 2490 976 2551 mortem-nondum
1000 2490 1106 2569 eredit,
1127 2488 1319 2569 impediente

393 2573 516 2632 auiliest
548 2574 674 2631 nimium
708 2572 809 2632 adhue
841 2574 950 2633 vivaoe
983 2581 1088 2635 vetere
1127 2573 1253 2631 homine
1287 2580 1319 2632 et

381 2656 547 2735 sapientia
569 2658 678 2715 earnis.
712 2655 899 2716 Cenandum
916 2658 1022 2735 itaque
1043 2664 1103 2735 est,-
1121 2661 1156 2715 ut
1176 2654 1216 2715 ad
1239 2673 1318 2715 mor-

395 2740 432 2797 tis
454 2738 515 2797 hoo
538 2737 718 2798 beneficium
742 2739 994 2819 eognoscendum
1018 2738 1319 2818 eramendumpre-

383 2840 581 2891 moveamur.
607 2866 610 2875 «
635 2822 757 2901 Magna
782 2841 834 2883 res
865 2831 919 2883 »eat
950 2830 1097 2901 mortam,
1136 2838 1216 2901 quae
1249 2822 1317 2881 aliia

393 2906 559 2965 maximum
593 2905 742 2965 malorum
775 2913 837 2984 est,
876 2908 1042 2967 maximum
1063 2906 1191 2965 luorum
1225 2904 1317 2966 nobis

391 3070 518 3151 dignum
543 3078 628 3137 tanto
650 3073 809 3153 impendio
830 3074 878 3133 sui
896 3074 993 3152 ipsius
1010 3072 1156 3135 ferisset?
1174 3070 1315 3131 divinum

393 3173 471 3234 opus
495 3162 542 3215 est
562 3156 665 3235 plene,
687 3156 770 3235 quod
793 3155 879 3234 feeit,
901 3156 973 3217 ideo
996 3176 1059 3218 non
1078 3155 1123 3217 illi
1138 3154 1170 3236 ³)
1192 3154 1316 3233 mirum,

391 3237 476 3316 quod
502 3240 608 3299 mortis
630 3239 742 3297 melum
765 3239 872 3299 feeerit
895 3241 1053 3320 optimum.
1162 3273 1166 3282 ·

473 3320 607 3380 Proinde
620 3338 709 3381 mors·
724 3324 784 3380 iam
809 3330 931 3382 mortua
947 3322 1156 3401 estfidelibus,
1179 3321 1316 3401 nihilque
1403 3331 1404 3382 J

392 3402 486 3463 habet
520 3404 653 3464 terribile
690 3412 814 3483 praeter
838 3406 976 3485 speeiem
1009 3415 1041 3468 et
1065 3407 1199 3475 ⁴larium.
1245 3404 1313 3476 Non

380 3503 482 3546 'seona
513 3505 552 3547 ao
585 3506 716 3566 serpens
749 3490 870 3548 ooeisus
904 3489 999 3551 habet
1024 3489 1147 3571 quidem
1178 3490 1314 3567 speeiem

380 3572 524 3649 rpriorem
549 3570 732 3647 tenibilem,
754 3590 787 3631 re
811 3590 885 3635 vara
905 3580 1008 3634 tamen
1038 3572 1108 3633 sola
1130 3572 1251 3657 speeies
1273 3571 1315 3631 ibi

392 3657 448 3732 e'st,
468 3661 502 3713 et
517 3660 667 3717 mortuum
687 3654 799 3714 malurn
820 3658 932 3716 aoiam
948 3658 1124 3717 innoxium:
1149 3658 1212 3715 imo
1235 3656 1315 3714 aiant

389 3736 558 3799 Num-21.
588 3744 761 3816 serpentem
801 3742 1067 3811 aeneum-'ioasit
1095 3739 1186 3819 erigi,
1224 3739 1312 3797 errius

434 3954 716 4039 ,1)1neo.0ng.:
744 3957 785 4050 153
824 3956 854 4022 2)
876 3956 969 4048 laed.
990 3956 1065 4012 teu:
1092 3956 1135 4011 23.
1173 3956 1202 4024 3)
1223 3956 1311 4034 ibim:

390 4026 656 4195 ³¹5¹‘-·=r“rs,srrp.12.

382 2986 469 3049 'llari
513 2988 553 3047 Elt
574 2990 632 3049 nisi
654 2989 715 3049 hoe
736 2988 874 3051 Christus
896 2989 986 3054 nohis
1007 2990 1219 3071 praestitisset,
1243 2987 1316 3067 quid
1403 3021 1404 3024 =
