3159 4792
359 478 424 547 312
606 517 615 535 ι
636 479 711 535 Acta
730 479 817 534 Acad.
837 479 1019 533 Lovsniensis

360 651 528 714 Aleander.
570 649 711 721 Eruditi,
733 648 844 727 quibus
865 650 947 711 lecta
969 656 1016 709 est
1036 647 1142 724 Bulla,
1176 646 1285 709 confir·

360 742 446 797 mant
467 736 563 795 multa
584 753 655 795 esse
674 735 704 794 in
718 732 817 810 Bulla,
841 752 920 813 quae
931 733 1137 813 suspicionem
1161 730 1285 808 faciant,

359 838 512 880 eamesse
530 818 750 897 surrepticiam.
795 816 889 877 Stilus
912 822 960 876 est
976 814 1130 892 Fiatralia
1154 813 1283 873 multum
1397 856 1398 875 t

359 902 528 963 abhorrens
551 921 571 962 a
592 900 663 961 stilo
686 900 840 977 Romano,
860 902 964 960 insunt
986 897 1164 960 soloecismi
1188 896 1285 955 multi.

358 984 441 1045 Nulli
464 983 592 1045 credunt
614 983 698 1043 illam
721 990 935 1064 praeterquam
957 981 1128 1061 Theologi‚
1151 998 1211 1040 nec
1232 998 1286 1039 un·

359 1086 451 1147 quam
474 1067 531 1127 fuit
551 1067 747 1145 examinata,
780 1086 839 1126 nec
859 1066 1019 1147 distinguit
1039 1081 1174 1139 errores,
1205 1080 1286 1145 quos

359 1159 591 1212 commemora-t.
635 1196 639 1205 .

443 1233 506 1295 lam
530 1232 602 1292 vide
625 1233 781 1291 ministros
803 1232 892 1291 huius
904 1232 1053 1311 praeclari
1071 1229 1199 1311 negotii.
1224 1228 1286 1289 Pri·

363 1336 430 1377 mus
451 1324 518 1376 erat
539 1316 711 1376 Cardinalis
734 1314 910 1391 Caietanus,
932 1333 993 1395 quo
1016 1313 1091 1374 nihil
1112 1311 1287 1392 superbius,
1398 1334 1399 1409 ᾗ

361 1399 437 1460 nihil
460 1400 655 1476 sceleratius,
690 1404 721 1458 et
742 1399 767 1457 is
791 1397 989 1459 Praedicator
1018 1404 1075 1457 est.
1117 1396 1197 1455 Huic
1220 1415 1289 1455 suc·

360 1483 452 1542 cessit
474 1482 603 1544 Carolus
624 1501 644 1541 a
664 1481 816 1554 Milticiis‚
844 1481 1086 1555 homiliarium,
1114 1486 1287 1559 postremo,

359 1584 449 1645 quem
472 1565 547 1625 nihil
569 1564 680 1644 pudet,
710 1563 866 1644 gloriosus
888 1564 1094 1644 Hieronymus
1117 1560 1287 1641 Aleander‚

359 1666 450 1728 quem
473 1648 614 1727 publicus
635 1667 753 1721 rumor,
793 1647 910 1725 vultus,
941 1648 1061 1727 lingua,
1092 1644 1168 1705 fides
1193 1644 1288 1723 plane

359 1739 510 1791 testantur
531 1750 600 1791 esse
621 1729 787 1805 Iudaeum,
812 1737 843 1789 et
863 1729 968 1790 ludaei
990 1749 1077 1789 suum
1100 1735 1286 1808 agnoscunt.

359 1814 416 1874 Est
438 1814 499 1874 boc
519 1815 552 1874 in
574 1814 662 1888 fatis,
696 1819 728 1872 ut
751 1812 914 1873 Christiani
936 1814 1092 1893 patientur
1113 1830 1132 1870 a
1152 1809 1287 1899 ludaeis.

359 1896 410 1957 Sic
431 1895 561 1957 ludaeus
594 1897 733 1955 incitavit
755 1895 861 1955 lulium
886 1894 1067 1956 Pontificem
1095 1895 1126 1953 iu
1156 1894 1287 1953 exitium

261 1995 264 1999 ·
359 1979 461 2052 orbis,
483 1981 528 2038 sic
549 1978 722 2053 ilieiierlorn
745 1976 895 2038 Coloniae
918 1977 1050 2039 turbavit
1072 1976 1178 2039 orbem
1202 1974 1288 2036 Chri-

359 2062 502 2125 stianum.
545 2060 597 2123 sie
617 2078 701 2121 nunc
722 2059 879 2121 Aleander
901 2070 1051 2142 cognatus
1073 2058 1169 2120 Iudae
1191 2060 1289 2120 vincit
1401 2077 1402 2129 3

359 2163 433 2205 suos
455 2145 600 2218 maiores,
624 2144 674 2203 vel
698 2142 738 2203 ob
762 2150 822 2204 tres
836 2143 998 2205 drachmas
1021 2142 1197 2223 proditurus
1221 2163 1286 2203 rem

358 2226 589 2309 Evangelicam.
632 2226 680 2287 Ea
703 2227 765 2287 vita
787 2228 929 2308 cognitus
940 2227 1058 2288 Patavii
1083 2232 1115 2287 et
1135 2223 1288 2303 Lutetiae,

358 2317 390 2370 ut
411 2312 495 2391 ipse,
534 2311 584 2390 qui
611 2309 706 2371 libros
742 2310 861 2370 alienos
891 2312 1005 2390 exurit,
1039 2312 1078 2370 sit
1099 2308 1287 2370 exurendus.

357 2393 435 2454 Nam
459 2393 512 2454 ille
528 2392 700 2453 haereticus
723 2392 856 2453 dicinon
880 2399 992 2473 potest,
1009 2394 1065 2472 ·qui
1081 2391 1155 2452 nihil
1179 2392 1288 2471 credit,
1402 2384 1403 2403 ¹

358 2478 540 2555 imperatum
565 2495 620 2551 per
640 2495 732 2535 unum
756 2476 949 2536 autalterum
972 2476 1148 2537 mandatum
1173 2494 1192 2534 a
1213 2495 1287 2555 rege

358 2559 468 2635 inscio,
490 2565 545 2617 aut
566 2564 648 2618 certe
671 2557 752 2618 male
773 2559 939 2637 instructu,
966 2559 1006 2621 dc
1027 2558 1136 2619 Bullae
1158 2577 1287 2617 exsecu-

359 2641 444 2700 tione
465 2640 517 2700 hic
538 2641 678 2702 minister
706 2640 762 2700 fuit
782 2641 939 2703 Rimaclus
962 2649 1056 2704 notae
1076 2639 1286 2720 improbitatis

354 2740 515 2884 galle(irim,
537 2806 562 2865 si
584 2806 696 2886 placet,
718 2807 835 2868 iontem
858 2808 1097 2870 consideremus.
1140 2806 1203 2867 Res
1227 2809 1285 2887 pri·

265 2959 285 2969 ἐ
358 2908 440 2948 mum
463 2897 531 2950 orta
551 2908 591 2949 ex
615 2889 687 2950 odio
710 2889 882 2971 linguarum
905 2908 943 2950 ac
953 2891 1102 2953 bonarum
1126 2889 1283 2949 literarum

358 2971 505 3033 adversus
515 2972 717 3054 Capnionem,
739 2994 788 3033 res
807 2980 876 3034 acta
889 2980 937 3033 est
953 2995 1009 3055 per
1023 2973 1169 3033 furiosum
1181 2972 1283 3033 Hoch-

358 3060 496 3133 stratnm,
519 3062 550 3116 et
569 3055 717 3116 furiosum
740 3057 831 3117 simul
853 3063 884 3117 et
905 3056 1020 3118 fatuum
1034 3054 1282 3115 Edmundanum.

358 3139 500 3198 Accessit
519 3138 664 3199 latomus
686 3158 748 3199 non
769 3140 894 3218 inscius,
916 3140 972 3202 sed
993 3158 1155 3221 perversus
1177 3137 1284 3198 Gallu-

359 3220 416 3282 lus.
458 3220 666 3281 decesserunt
682 3221 813 3283 Ordines
827 3221 1077 3297 Mendicantium,
1100 3223 1150 3300 qui
1163 3222 1283 3299 timent,

356 3322 396 3363 ne
419 3311 568 3364 vocentur
590 3303 639 3363 vel
662 3304 702 3365 ad
723 3305 853 3385 famem,
888 3308 936 3366 vel
959 3306 998 3366 ad
1022 3323 1100 3384 opus
1123 3322 1282 3381 manuum,

356 3387 381 3446 si
416 3384 555 3447 labascat
581 3407 709 3467 regnum
738 3387 896 3449 Pontificis
923 3390 1072 3461 Romani,
1104 3406 1159 3468 per
1187 3405 1280 3465 quem

343 3474 488 3551 aeguum
509 3488 591 3530 nunc
624 3470 654 3530 in
679 3472 753 3531 otio.
795 3470 903 3531 Nullus
926 3480 973 3533 est
993 3470 1191 3551 Theologus,
1230 3471 1282 3549 qui

358 3552 442 3612 solus
465 3551 719 3632 damnetomnes
741 3553 906 3637 articulos,
926 3556 958 3616 in
980 3554 1070 3616 Bulla
1091 3572 1281 3614 commemo·

354 3643 449 3717 ratos,
472 3635 526 3695 sed
548 3635 808 3716 quemadmodum
831 3637 987 3716 Octavius,
1007 3635 1140 3717 Lepidus
1163 3642 1195 3695 et
1217 3636 1282 3698 An·

355 3718 467 3793 tonius,
491 3719 704 3798 conspirantes
727 3719 765 3778 ad
781 3721 1015 3805 opprimendam
1038 3718 1209 3780 libertatem
1225 3740 1281 3801 pu·

354 3798 482 3878 blicam,
517 3802 628 3861 iunctis
650 3803 749 3881 copiis
770 3804 816 3863 sic
839 3804 1079 3884 concordarunt,
1107 3810 1139 3861 ut
1162 3803 1280 3883 singuli

355 3900 460 3940 eorum
483 3891 660 3962 paterentur
682 3885 832 3963 quosdam
855 3886 970 3964 occidi,
995 3885 1103 3965 quibus
1121 3885 1201 3945 bene
1224 3906 1279 3947 vo·

354 3961 473 4043 lebant,
505 3967 549 4025 ita
569 3967 619 4025 isti
641 3965 719 4027 alius
741 3969 771 4028 iu
795 3970 919 4030 alterius
941 3971 1072 4052 gratiam
1100 3969 1183 4049 passi
1205 3976 1281 4033 sunt
