3159 4792
329 506 370 569 14
544 506 587 559 Ad
608 509 809 576 Aegocerotem
827 506 1012 559 Emseranum

332 690 519 785 praesertim
549 700 611 751 tam
634 691 734 752 subito
767 699 799 751 et
830 700 902 773 post
933 698 1049 753 tantam
1081 691 1131 751 vel
1151 690 1255 751 Timo-

329 773 422 831 niana
461 774 608 871 maiorem
647 774 811 853 invidiam,
856 775 988 836 Luthero
1029 776 1152 855 penitus
1189 792 1254 833 non
1296 818 1303 829 .

226 886 228 894 1
330 856 570 996 cpgitunte,et
590 855 620 917 in
644 857 709 918 dies
731 857 861 964 Emssro
886 861 985 939 magis
1012 876 1050 918 ac
1072 858 1174 937 magis
1195 855 1254 916 dis·

330 939 471 1017 picente.

413 1020 544 1083 Secnms
566 1031 644 1103 esto,
667 1042 685 1083 o
707 1023 781 1083 felix
802 1024 951 1102 Daedale,
974 1022 1123 1083 Lutherns
1145 1042 1275 1103 grava·

329 1103 401 1183 dine
424 1112 455 1165 et
475 1108 585 1185 pituita
606 1107 788 1187 gravissima
812 1107 972 1187 laborans,
1001 1107 1081 1167 hanc
1109 1106 1255 1166 technam

329 1206 391 1247 non
413 1188 567 1270 intelligit,
589 1190 721 1270 simplex
743 1191 1001 1270 simplicissimum
1019 1190 1162 1269 agnoscit
1182 1188 1252 1249 Em-

328 1289 446 1348 serum,
484 1280 518 1333 ut
551 1292 642 1353 quem
664 1274 785 1333 sincere
802 1275 910 1333 -credit
946 1275 977 1333 in
1005 1274 1066 1334 hoc
1088 1271 1252 1352 epistolam

328 1354 506 1434 scripsisse,
540 1375 602 1435 quo
631 1357 777 1416 Martinus
813 1363 896 1417 esset
925 1356 1066 1417 omnibus
1098 1354 1252 1415 catholico

329 1438 455 1497 nomine
476 1440 727 1516 commendatus,
767 1439 827 1499 hoc
849 1447 911 1517 est,
948 1440 1171 1500 haereticorum
1200 1452 1252 1517 pa-

328 1528 452 1599 tronus,
480 1530 511 1581 et
539 1524 712 1603 turpissima
742 1524 868 1603 ignavia
890 1522 1012 1603 Lipsiae
1042 1540 1097 1603 per
1124 1522 1251 1583 Eccium

326 1609 497 1684 superatus.

411 1686 491 1761 Quid
519 1706 575 1768 pro
606 1689 664 1748 hac
691 1690 790 1768 gratia
820 1688 1009 1749 retribuam?
1046 1688 1169 1747 interim
1194 1706 1250 1767 pro

327 1770 512 1849 gratitudine
534 1769 587 1831 tibi
606 1789 754 1852 comparo
770 1771 915 1832 iacobum
931 1771 1015 1832 illum
1034 1771 1250 1847 fortissimum,

328 1860 360 1912 et
390 1852 627 1914 illustrissimum
678 1856 827 1934 rincipem
850 1854 976 1914 militiae
997 1852 1115 1931 David,
1149 1860 1180 1912 et
1207 1854 1250 1911 in-

327 1936 447 2015 signem
487 1936 608 1995 lsraelis
655 1874 906 2017 hyperaspistes,
957 1937 1036 1997 adeo
1076 1943 1147 1996 tuae
1194 1936 1249 1995 lin-

328 2038 409 2097 guae
442 2020 591 2080 convenit
613 2035 680 2079 cum
704 2019 785 2079 illins
809 2019 928 2099 gladio,
964 2028 995 2081 et
1025 2018 1159 2079 moribus
1190 2020 1250 2078 tuis

327 2120 395 2161 cum
425 2102 505 2162 illius
534 2103 652 2181 tunica,
690 2110 722 2163 et
741 2103 814 2162 huic
840 2105 872 2163 in
895 2122 943 2164 me
968 2111 1019 2164 tuo
1043 2102 1249 2182 pulcherrimo

327 2184 430 2245 officio
453 2204 521 2244 cum
550 2186 763 2267 illiusopere,
801 2184 894 2267 quod
918 2188 950 2247 in
972 2182 1079 2246 Abner
1106 2192 1137 2245 et
1159 2190 1250 2249 Ama-

327 2286 403 2347 sam,
418 2267 535 2349 xgrandi
557 2268 680 2347 decore,
702 2268 863 2349 splendide
886 2270 1030 2347 contulit,
1063 2287 1248 2348 quamquam

327 2350 525 2411 dormitantis
555 2353 686 2430 quadam
715 2354 887 2433 scriptoris,
927 2354 967 2415 ch
1001 2352 1062 2412 hoc
1090 2354 1246 2433 egregium

326 2435 455 2513 sasinus,
477 2436 556 2504 inter
577 2435 721 2497 robustos
743 2436 837 2497 lsrael
860 2455 922 2497 non
947 2442 1117 2497 censeatur.
1260 2447 1262 2451 ’

407 2519 471 2579 Aut
492 2519 517 2578 si
540 2520 628 2579 huius
640 2520 830 2599 comparatio
851 2521 1025 2581 remotioris
1042 2525 1089 2579 est
1102 2520 1247 2599 exempli,

326 2620 418 2679 quam
453 2609 486 2662 ut
516 2601 670 2663 delectare
698 2611 728 2663 te
758 2605 873 2683 possit,
913 2605 962 2682 qui
998 2622 1060 2663 non
1092 2621 1266 2661 sacrarumv

324 2684 498 2763 literarum,
532 2685 585 2746 sed
607 2705 775 2747 sacrorum
809 2705 961 2747 canonum
990 2706 1023 2746 es
1051 2685 1247 2763 licentiatus,

324 2769 405 2828 illius
428 2769 553 2849 saltem,
589 2788 679 2848 quem
709 2771 886 2831 uuiversum
916 2770 1024 2850 vulgus
1046 2770 1149 2847 novit,
1184 2788 1246 2829 non

325 2850 540 2931 dedignaberis
562 2853 755 2933 analogiam,
790 2871 879 2996 qnetp
909 2872 971 2913 non
1004 2854 1094 2933 pauci
1116 2852 1246 2932 primum

323 2936 403 2994 inter
423 2937 585 3031 apostolos
608 2936 702 2996 fuisse
724 2935 803 3015 arbit
791 2942 872 2996 ttran
874 2955 923 3014 ur,
958 2937 1044 2996 salva
1072 2942 1174 2996 tamen
1201 2956 1246 3003 re·
1300 2953 1303 2958 ·

325 3020 463 3079 verentia
485 3020 690 3101 Aegocerotis
713 3021 773 3098 tui,
802 3038 857 3099 pro
881 3020 974 3080 Eccio
997 3019 1164 3080 fortissimo
1188 3018 1246 3080 ior-

325 3102 441 3162 tissime
463 3106 642 3184 pugnantis,
665 3110 697 3164 et
684 3103 778 3163 tid
770 3124 802 3163 m
825 3103 954 3182 gloriam
978 3111 1078 3180 tuam,
1101 3103 1153 3181 qui
1176 3121 1243 3163 cum

320 3182 537 3265 apostolorum
560 3187 699 3281 principe
721 3204 817 3265 queas
839 3187 986 3265 conferri,
1021 3192 1054 3245 ut
1085 3186 1163 3246 siout
1152 3185 1245 3246 tille

324 3267 477 3327 Christum
496 3270 589 3364 signo
612 3270 697 3348 pacis
719 3267 843 3329 tradidit
863 3268 1000 3347 ludaeis,
1024 3269 1067 3329 ita
1089 3276 1120 3328 tu
1142 3270 1244 3329 Marti-

325 3370 397 3410 num
435 3352 491 3410 sub
525 3352 613 3432 signo
644 3351 741 3411 laudis
769 3351 834 3413 orbi
864 3353 967 3413 tradas
993 3314 1111 3412 haeret
1091 3359 1183 3412 ticum
1215 3359 1247 3412 et

324 3434 498 3515 turpissime
520 3436 668 3498 victum

407 3518 546 3579 Sentitne
567 3518 709 3579 infelixt
696 3526 748 3579 tua
770 3500 976 3597 conscientia,
1009 3537 1100 3597 quam
1135 3519 1246 3579 trustra
1330 3518 1332 3525 ’

323 3623 431 3682 parum
454 3610 503 3662 ast
491 3608 556 3661 tuta
576 3602 692 3663 invidia
717 3610 768 3662 tua
790 3622 840 3661 me
862 3601 968 3683 petat?
1000 3600 1080 3676 Quid
1102 3601 1161 3661 hac
1182 3604 1246 3682 cpi·

238 3724 240 3730 ·
324 3687 405 3747 stola
424 3686 568 3764 effecisti,
601 3687 660 3746 nisi
682 3684 764 3765 quod
794 3684 961 3746 effeminati
984 3686 1026 3744 tui
1049 3685 1143 3745 animi
1167 3704 1244 3745 mor-

324 3768 395 3832 bum
418 3770 559 3831 omnibus
578 3769 707 3849 prodis?
729 3770 781 3848 qui
803 3788 871 3828 cum
894 3767 934 3829 de
956 3788 1004 3828 me
1019 3768 1154 3849 pessima
1176 3788 1245 3828 seu·

323 3854 380 3914 tias
405 3862 436 3914 et
456 3854 654 3929 machineris,
687 3872 751 3914 non
778 3859 881 3912 tamen
905 3858 952 3913 est
979 3853 1009 3911 in
1033 3858 1064 3912 te
1086 3852 1244 3933 sanguinis

323 3957 404 3999 vena
427 3937 490 3998 ulla
511 3939 645 4018 paterni,
679 3954 738 3997 nec
765 3943 882 3997 tantum
905 3933 1056 3994 virilitatis
1079 3943 1111 3995 et
1131 3934 1244 3996 indolis

325 4020 490 4096 masculae,
514 4028 548 4080 ut
559 4028 666 4101 aperto
680 4020 786 4080 Marte·
806 4018 988 4095 collatisque
1010 4018 1105 4097 signis
1123 4036 1244 4079 mecum
