3159 4792
537 564 552 571 ι·
599 540 950 613 11113111111111·
997 528 1001 569 2
1181 542 1223 608 aa
1297 570 1308 583 ,

299 730 502 805 nihilominus
527 738 629 793 tamen
651 732 708 793 1111
728 752 778 794 res
793 730 994 794 leviculas'et
1015 730 1101 795 nihili
1111 726 1223 815 'magni

302 811 352 875 isti
378 822 410 875 et
431 817 576 897 generosi
598 816 734 897 theologi
756 815 835 879 adeo
858 819 965 880 curant
986 818 1111 889 misere,
1144 816 1223 879 adeo

301 900 428 981 pompis
451 900 503 960 vel
526 900 627 961 anxiis
648 898 756 961 inflare
778 904 945 976 conantur,
977 902 1061 961 utin
1083 901 1121 961 iis
1145 920 1224 961 sum-

302 1003 388 1043 mum
412 989 444 1043 et
465 984 599 1052 nominis
617 982 648 1057 ¹)
674 988 705 1044 et
728 982 820 1044 officii
843 983 889 1045 sui
913 982 1006 1045 decus
1029 984 1225 1046 constituisse

301 1064 478 1128 videantur:
510 1066 630 1126 interim
655 1064 834 1147 theologiae
865 1068 1005 1144 legitimo
1028 1072 1059 1129 et
1081 1064 1162 1149 quod
1185 1066 1224 1132 111

300 1167 366 1209 rem
389 1150 526 1228 pertinet
546 1148 649 1230 0111010
672 1150 795 1229 penitus
825 1148 1004 1231 posthabito
1037 1157 1068 1211 et
1096 1152 1128 1211 in
1152 1150 1224 1233 Sab-

300 1231 376 1296 bata
398 1232 559 1310 translato,
580 1241 644 1294 non
667 1232 790 1313 quidem
813 1234 889 1298 lucri
911 1240 964 1294 aut
984 1234 1101 1315 gloriae
1124 1253 1225 1295 acmu-

301 1316 438 1393 latione,
466 1317 526 1375 nisi
547 1318 647 1379 minus
668 1316 878 1397 principaliter
897 1312 955 1399 per
976 1316 1120 1378 accidens
1143 1318 1224 1379 etin

302 1398 502 1481 potentiae),
525 1398 618 1461 modo
641 1418 703 1466 uon
727 1400 767 1460 sit
782 1399 878 1465 'nimis
899 1403 1026 1467 remota.

388 1480 520 1557 Quando
533 1488 635 1543 autem
656 1481 726 1564 ego,
747 1482 816 1545 neo
832 1484 966 1563 volente,
990 1482 1131 1565 digniore
1153 1500 1224 1545 con-

301 1564 423 1627 ditione
445 1566 550 1627 vivere
570 1586 633 1630 non
655 1568 831 1647 permittor,
864 1584 955 1646 quam
985 1574 1109 1627 uacum
1130 1586 1225 1648 nuga·

302 1647 391 1710 cibus
412 1653 445 1708 et
465 1651 552 1709 vanis
574 1648 735 1730 sophistis,
768 1650 1068 1730 compestilentibus
1092 1648 1225 1713 Romani

300 1729 461 1793 Pontificis
484 1738 515 1793 et
525 1732 736 1796 Romanorum
749 1730 781 1814 ⁸)
802 1740 1002 1816 tyrannorum
1016 1732 1225 1793 adulatoribus

301 1821 438 1877 aetatem
461 1833 652 1894 consumam,
673 1811 812 1897 gaudens
836 1823 866 1879 et
888 1816 996 1877 videns
1009 1814 1222 1897 posthabeo⁴l
1280 1816 1285 1833 “

301 1901 434 1960 istorum
456 1918 526 1960 mea
549 1902 630 1960 seria
649 1898 740 1961 ludo·
1092 1966 1093 1974 ,
1218 1911 1220 1922 '

368 1980 483 2059 Quare,
501 1983 543 2045 mi
553 1981 638 2061 Ecci,
650 1991 719 2045 non‘
729 1983 843 2045 damno
853 1988 885 2044 te
897 1978 1083 2047 vanissimae
1097 1980 1225 2065 gloriae,

302 2064 388 2145 quod
397 2064 480 2126 hanc
494 2064 679 2128 Schedulam
689 2064 831 2145 edideris,
839 2074 1004 2152 antequam
1017 2073 1116 2128 certus
1132 2084 1226 2143 esses,
1319 2082 1324 2089 ¹

304 2148 377 2226 quid
400 2136 566 2231 Lipsens'es
588 2150 620 2210 in
648 2149 708 2210 hac
728 2169 762 2210 re
782 2150 937 2227 facerent,
976 2148 1039 2210 imo
1061 2155 1225 2230 postquam

302 2252 343 2294 ex
379 2250 432 2291 me
452 2250 617 2313 acceperas
651 2253 707 2295 eos
737 2234 863 2295 omnino
894 2252 1052 2313 recusare,
1088 2234 1160 2311 quia
1187 2252 1226 2291 ex

302 2315 388 2375 fumo
422 2311 544 2377 scilicet
577 2324 609 2377 et
635 2335 676 2377 ex
707 2314 915 2397 disputatione
943 2335 1098 2395 nunquam
1121 2314 1227 2397 ’11111111

301 2397 434 2477 sperasti
455 2403 580 2478 captare
601 2399 741 2482 gloriam.
779 2398 854 2470 ⁴Nou
877 2398 1031 2476 criminor,
1054 2396 1135 2477 quob
1158 2394 1226 2480 sub-

302 2479 396 2556 dole,
428 2482 460 2541 et
486 2500 594 2562 parum
615 2482 766 2558 humane,
795 2480 908 2543 nedum
931 2481 1125 2563 theologice,
1146 2480 1226 2541 Due

302 2565 361 2626 tori
391 2562 608 2627 carolostadio
646 2566 764 2627 alienas
802 2564 1032 2647 propositiones
1068 2564 1227 2643 obieceris,

302 2666 472 2727 quaecum
497 2650 623 2711 omnino
644 2648 733 2722 ilium
757 2667 821 2709 non
844 2653 1055 2729 susceptumm
1078 2660 1228 2727 sperares,

301 2730 414 2791 iterum
436 2729 476 2790 de
496 2731 581 2798 sumo
602 2733 633 2792 in
647 2731 764 2793 tantum
787 2730 885 2793 virum
908 2731 1120 2812 triumphares
1155 2728 1225 2815 11011

302 2808 434 2893 queror,
469 2813 552 2892 quod
580 2814 620 2875 ad
647 2812 856 2876 adulationem
887 2814 1096 2876 foedissimam
1125 2813 1227 2893 Papae

301 2915 410 2958 versus
447 2916 496 2958 me
528 2917 630 2959 rursus
652 2900 684 2959 in
705 2888 825 2959 fabulas
847 2898 1033 2976 traduxeris,
1065 2913 1227 2975 novosque
1344 2912 1347 2916 ·

302 3000 320 3041 a
342 2988 375 3040 te
394 2978 487 3044 fictos
509 2998 628 3043 errores
649 2980 723 3043 mihi
744 2983 941 3060 imposueris,
970 2987 1006 3045 ,et
1026 2980 1129 3039 tanien
1151 2978 1226 3039 nihil

302 3063 404 3124 minus
428 3069 460 3124 te
482 3082 575 3147 agere
596 3064 757 3125 simularie.

384 3142 570 3208 Toleramus
589 3148 650 3209 ista
671 3165 690 3208 a
711 3146 860 3227 theologo
883 3144 974 3221 saeta,
996 3142 1027 3205 id
1051 3142 1151 3205 solum
1173 3163 1225 3205 vo-

300 3228 404 3288 lumus
434 3230 614 3306 ostendere,
650 3249 708 3291 nos
738 3228 856 3291 scilicet
883 3226 1055 3308 intelligere
1084 3227 1227 3307 strophas

302 3319 371 3373 tuas
391 3310 555 3374 infeliciter
587 3317 727 3375 versutas
756 3306 924 3395 e't'flguras'
949 3312 1045 3373 nihilo
1068 3309 1224 3395 figuratas,
1250 3374 1253 3379 ,

302 3398 333 3455 11
354 3394 531 3475 benigniter
550 3404 582 3462 te
595 3416 732 3474 monere,
755 3401 788 3457 ut
811 3394 957 3476 deinceps
979 3415 1035 3475 pro
1054 3394 1152 3477 gloria
1174 3402 1226 3455 tua

300 3476 396 3557 paulo
431 3475 569 3540 civiliore
590 3480 711 3541 astutia*
724 3487 818 3555 naso,
845 3480 908 3540 11110
941 3476 1092 3541 calcaneo
1118 3484 1225 3558 nostro

302 3559 472 3632 insidieris,
508 3568 662 3643 agrestem
677 3562 759 3642 hane
782 3568 814 3623 et
833 3568 1028 3627 veternosam
1051 3568 1133 3621 tuam
1155 3578 1224 3639 pru-

301 3642 439 3704 dentiam
460 3645 493 3705 in
515 3664 636 3707 crassos
659 3651 728 3705 tuos
750 3645 966 3726 consophietas
988 3645 1085 3705 ludas.

374 3850 407 3913 1)
428 3848 459 3901 ln
481 3848 524 3902 ed.
537 3849 622 3904 durii.
642 3856 670 3903 et
678 3850 821 3903 densati:
841 3853 963 3906 nomine⁴
1000 3851 1028 3916 2)
1047 3848 1078 3901 In
1098 3848 1224 3903 eddom:

302 3928 329 3975 et
358 3936 410 3991 per
436 3920 564 3977 accidens
588 3926 617 3974 at
633 3924 806 3990 impotentia.
862 3923 894 3983 3)
916 3922 984 3976 lbid.
1005 3928 1030 3975 et
1050 3922 1077 3973 in
1098 3921 1161 3975 edit.
1182 3922 1227 3973 Β1-

303 3992 426 4046 siliensi:
443 3992 671 4046 Romanantium.
700 3992 734 4063 4)
749 3994 780 4045 ln
791 3994 833 4048 ed.
844 3994 921 4049 lem:
941 3993 1028 4047 fidens
1039 3992 1228 4061 posthabebo3

301 4067 330 4118 in
350 4063 396 4121 ed.
415 4063 511 4119 nasu:
534 4063 621 4120 fidens
640 4065 805 4135 posthabeo.
849 4088 853 4097 ·
895 4070 898 4082 '
1153 4076 1157 4081 ·
1216 4076 1219 4087 ·
