3159 4792
369 502 434 569 350
475 515 479 521 ’
679 507 839 579 meusne
859 510 887 563 1).
908 508 993 569 111..

378 697 440 761 92.
463 694 553 757 Nune
574 714 649 759 vero
681 702 714 757 et
734 697 790 757 viri
813 704 947 779 vovent,
985 704 1017 759 st
1047 699 1079 761 in
1108 707 1290 781 perpetuum

371 786 495 857 vovent,
514 786 547 839 ut
568 780 655 859 pueri
677 781 737 839 sint
759 800 891 861 semper.

391 864 441 925 93.
464 861 529 923 Etsi
551 863 643 941 igitur
665 863 799 925 vovendi
822 864 966 944 studium,
988 865 1040 945 pio
1064 864 1138 927 fidei
1161 886 1227 945 usu,
1248 869 1291 927 in-

370 946 497 1004 noxium
515 963 585 1005 esse
607 953 722 1025 potest.

391 1028 440 1091 94.
466 1028 556 1089 Vitae
577 1034 680 1089 temen
707 1030 809 1108 ipsum
837 1048 955 1109 genus,
992 1031 1070 1092 siout
1103 1031 1182 1113 legis
1218 1034 1290 1112 vito,

371 1117 488 1191 pugnat
510 1110 621 1189 euml)
644 1113 809 1191 evangelio
833 1119 865 1173 et
886 1112 1124 1192 christianismo,

391 1196 439 1258 99.
461 1193 502 1253 Et
524 1211 607 1255 mors
630 1196 766 1260 stmulo
800 1195 907 1257 mundi
937 1196 1020 1259 bono
1056 1196 1128 1259 lidsi
1153 1218 1210 1258 usu
1247 1200 1289 1259 in-

370 1278 463 1337 noxia
486 1295 556 1337 esse
578 1286 718 1357 possunt.
847 1292 851 1299 '

390 1363 440 1425 96.
461 1359 577 1423 Natura
598 1366 701 1422 tomen
724 1381 780 1423 sus
801 1369 942 1441 pugnant
966 1361 1114 1423 adversus
1141 1365 1289 1445 pietatem

369 1451 401 1506 et
422 1443 596 1507 eeclesiam.

390 1529 440 1592 97.
464 1525 555 1601 Quod
577 1546 653 1607 ergo
675 1526 809 1588 seolesio
837 1528 931 1587 sentit
962 1527 1001 1589 ds
1023 1537 1122 1591 morte
1144 1537 1176 1591 et
1199 1532 1288 1592 malis

369 1612 484 1689 mundi,
506 1612 568 1673 hoo
588 1610 627 1671 ds
649 1611 730 1671 votis
753 1616 785 1670 et
798 1609 998 1689 religionibus
1013 1614 1207 1673 sentiendum
1231 1624 1287 1675 est.

389 1700 439 1762 98.
462 1693 631 1773 Utrobique
653 1694 734 1753 enim
757 1711 819 1753 non
842 1694 974 1773 iustitis,
1008 1693 1064 1757 ssd
1085 1696 1236 1757 libertatis
1257 1706 1288 1759 et

367 1780 502 1839 iustitiae
523 1797 595 1837 usus
617 1783 650 1836 et
670 1776 850 1837 exercitium
873 1796 942 1837 esse
963 1783 1075 1858 potest.

388 1865 436 1927 99.
458 1862 488 1921 ls
510 1860 610 1922 solum
633 1877 719 1923 error
738 1860 910 1921 animarum
934 1859 1109 1939 perdendus
1131 1869 1201 1939 est,
1234 1864 1284 1942 qui

366 1952 442 2006 vots
463 1963 518 2023 pro
542 1962 576 2003 re
598 1943 681 2003 bono
702 1947 733 2001 et
754 1943 837 2002 iusto
859 1944 1004 2021 sequitur.

367 2035 437 2097 100.
460 2030 502 2089 Et
522 2044 605 2089 mors
627 2024 754 2103 luorum,
774 2032 923 2087 elvotunr
944 2026 1061 2089 luorum
1075 2032 1132 2103 est,
1155 2028 1182 2087 si
1205 2034 1285 2089 utro-

366 2115 442 2175 libet
463 2111 600 2192 legitime
622 2109 726 2172 utaris.

368 2202 437 2264 101.
460 2195 500 2256 Et
528 2211 610 2253 mors
642 2190 792 2271 perditio,
824 2194 856 2250 et
876 2197 981 2252 votum
1005 2190 1137 2273 perditio
1164 2200 1228 2273 ost,
1261 2194 1284 2252 si

366 2279 511 2341 utrolibet
532 2294 677 2357 perverse
698 2273 843 2335 abuteris.

366 2366 435 2430 102.
459 2361 571 2423 Omnis
591 2359 673 2420 enim
699 2358 816 2419 sonotis
849 2354 1034 2435 inhonoro,
1068 2357 1171 2439 impiis
1211 2377 1283 2421 vero

366 2448 472 2508 omnin
492 2447 523 2505 in
546 2442 658 2501 molum
682 2445 899 2520 cooperantur.

271 2538 275 2545 ‘
366 2532 436 2595 103.
462 2530 506 2589 At
526 2523 619 2586 hodio
640 2521 733 2585 fidem
755 2531 788 2583 et
808 2542 896 2583 usum
919 2521 1002 2583 huno
1023 2522 1099 2585 nulli
1112 2524 1209 2585 terme
1231 2525 1283 2586 do-

364 2620 437 2673 oent
457 2609 604 2688 religiosi.
927 2618 929 2621 ’

366 2696 437 2758 104.
456 2690 590 2754 Proinde
611 2687 805 2751 damnandas
828 2694 860 2748 et
881 2687 1092 2767 prohibendos
1114 2697 1203 2751 erunt
1223 2692 1284 2751 uni-

364 2797 473 2839 versae
493 2776 670 2855 religiones.
978 2782 982 2794 '

365 2865 436 2927 105.
458 2862 523 2921 lmo
555 2877 626 2919 eum
655 2855 812 2917 eontraris
846 2854 997 2933 densent,
1029 2861 1100 2917 sunt
1119 2856 1286 2937 fugiendae

363 2946 441 3005 siout
462 2940 633 3024 prostibulo
654 2937 787 3019 publios.

364 3031 433 3094 106.
456 3025 651 3089 Contrarium
673 3023 755 3085 enim
777 3026 826 3081 est
847 3019 976 3099 dooere,
1009 3021 1177 3103 religiones
1214 3042 1284 3084 esse

362 3112 456 3172 vitum
480 3108 677 3169 consiliorum
700 3104 780 3173 ultro
802 3110 978 3183 praesepis.

364 3198 432 3258 107.
456 3192 649 3253 Contrarium
672 3194 720 3250 est
740 3187 870 3265 dooere,
903 3186 1070 3267 religiones
1093 3206 1163 3249 esso
1185 3196 1283 3251 status

362 3276 570 3357 perfeetionis.

363 3360 433 3425 108.
456 3356 667 3433 Contrarium,
688 3355 752 3415 imo
774 3352 962 3415 horrendum
994 3360 1042 3414 est
1062 3353 1192 3434 dooere,
1214 3357 1283 3417 reli-

361 3445 472 3524 giones
496 3460 565 3503 esse
587 3458 679 3518 supra
701 3456 897 3497 communem
919 3437 1013 3497 vitum
1028 3436 1282 3503 Christianorum.

363 3529 434 3592 109.
455 3526 542 3586 Haeo
562 3542 632 3585 oum
654 3522 717 3581 sint
738 3521 841 3598 ospitn
862 3519 1021 3581 doetrinae
1044 3540 1168 3599 eorum,
1206 3523 1282 3583 nihil

361 3610 541 3669 sceleratius
561 3607 691 3668 donetur
711 3605 742 3662 in
767 3603 853 3664 orbe.

362 3695 431 3757 110.
453 3692 509 3752 His
531 3692 614 3751 enim
628 3692 771 3748 evertunt
786 3685 882 3747 eorde
897 3684 1055 3747 hominurn
1079 3686 1183 3766 elide,
1199 3709 1282 3752 oom-

362 3776 445 3835 muni
467 3774 573 3835 salutis
596 3772 656 3847 vis,
678 3768 718 3831 ed
741 3787 798 3829 suo
820 3769 1009 3849 praecipius.

361 3857 528 3920 111.1de0
552 3857 616 3917 eius
640 3853 797 3933 opinionis
828 3859 903 3913 vote
941 3870 999 3911 osu
1023 3861 1151 3917 solenes
1174 3860 1281 3920 ultima

241 3954 247 3965 ¹
360 3957 455 4019 opera
477 3936 628 4000 solvendo
650 3945 681 3997 et
701 3934 860 4015 perdendo
882 3941 962 3995 sunt.

386 4050 392 4058 “
432 4047 462 4112 1)
483 4048 514 4102 In
532 4045 574 4097 ed.
596 4048 666 4114 orig.
688 4038 753 4094 ¹52¹
776 4054 866 4107 deest:
890 4068 963 4106 ouri.
1077 4034 1079 4039 ’
