3159 4792
610 508 657 574 .⁰·
675 506 711 565 lt
728 507 850 563 lutheri.
1143 503 1205 573 325

319 698 395 761 Pro·
414 700 420 777 1
438 698 612 759 Positiooes
630 697 636 780 Ι
653 698 691 761 D.
701 698 789 761 liert
796 698 883 759 Lnth.
900 695 906 779 Ι
927 696 966 759 eb
978 699 1071 759 initio
1085 697 1208 779 negocii
1271 678 1276 684 ⁵

243 802 249 812 ·
344 780 552 864 llilvsngelioi
575 782 614 843 eb
632 785 638 858 Ι
656 791 765 843 sutore
786 790 844 843 tre·
869 784 874 863 l
900 787 1000 843 otetse
1023 800 1120 862 usque
1145 784 1150 861 Ι
1174 782 1204 843 in

279 918 517 998 profanationes
525 919 772 999 impiissimemm
783 918 981 998 religionum,
993 936 1069 998 ques
1079 923 1212 977 setsnes.

281 1009 396 1063 contre
417 998 533 1061 Christi
555 1002 750 1082 evangelium
771 1021 828 1081 per
849 1001 1019 1063 effiosoiem
1042 1002 1153 1061 erroris
1176 1008 1209 1059 et

283 1082 452 1145 mendeoie
473 1082 614 1163 prodigis
634 1085 665 1145 iu
689 1085 852 1145 eoelesiem
874 1084 932 1145 Dei
955 1085 1003 1165 (ut
1024 1083 1136 1145 Pnulus
1163 1084 1206 1143 ni-

283 1168 343 1228 mis
367 1185 440 1227 vere
462 1164 631 1249 preedixit)
653 1168 773 1229 invexit
793 1164 862 1250 etl)
886 1168 1055 1244 inundavit,
1077 1166 1116 1227 ed
1134 1184 1208 1245 pos·

281 1269 355 1311 nem
390 1249 617 1311 incredulorum
644 1257 677 1311 et
700 1253 906 1332 ingratorum:
950 1252 976 1311 si
1001 1250 1081 1311 forte
1102 1249 1208 1309 edmo-

183 1338 184 1347 ’
281 1334 349 1393 nite
375 1338 484 1393 nostre
503 1335 686 1413 posteritas,
717 1352 793 1395 sues
814 1334 921 1395 salutis
944 1352 1062 1397 memor
1086 1340 1119 1393 et
1140 1332 1208 1393 Deo

283 1416 384 1496 magis
406 1434 497 1494 quem
520 1435 577 1476 nos
598 1417 711 1477 fuimns
732 1423 838 1497 grute,
870 1419 989 1477 sentior
1009 1416 1156 1495 deinneps
1178 1422 1210 1475 et

284 1498 464 1578 diligentior
483 1498 569 1559 reddi
591 1501 690 1579 possit
719 1500 751 1559 in
781 1499 983 1561 observandis
1005 1498 1123 1559 insidiis
1145 1497 1208 1559 dis·

283 1581 348 1642 boli
370 1579 536 1643 adversarii
550 1584 666 1658 nostri,
688 1602 751 1643 non
767 1582 947 1643 dormientis
964 1602 1065 1662 neque
1087 1600 1209 1641 oessen·

284 1665 341 1741 tis,
374 1663 431 1725 sed
452 1664 623 1725 incredibili
645 1666 723 1725 iuris
743 1666 940 1747 insanientis,
968 1671 1013 1727 nt
1040 1665 1210 1725 novissime

283 1747 378 1807 ieoiet
399 1747 506 1826 peiore
527 1748 689 1828 prioribus,
712 1750 791 1809 siout
814 1750 909 1812 nimio
930 1750 1005 1810 setis
1026 1768 1127 1808 rerum
1149 1752 1209 1807 ste·

283 1837 333 1891 tus
347 1836 486 1908 testetur,
508 1837 571 1902 sut,
593 1833 619 1891 ei
640 1831 802 1893 edmoneri
821 1832 899 1893 nolit
920 1839 953 1893 et
973 1850 1029 1892 sus
1050 1830 1211 1891 voluntate

284 1913 420 1993 perierit,
444 1914 512 1973 eine
528 1914 620 1995 culpe
641 1923 749 1975 nostre
769 1916 895 1996 senguie
918 1932 1025 1976 eorum
1045 1933 1139 1994 super
1159 1926 1209 1973 oe·

283 2003 468 2077 puteorum
492 1997 541 2058 sit.

366 2078 522 2157 Numqui
551 2079 647 2141 hodie
670 2098 775 2140 sumus
810 2088 841 2141 et
873 2098 1021 2143 rotamur
1057 2076 1211 2139 eoelesiss

288 2162 419 2224 ministri
441 2168 473 2222 et
493 2163 690 2225 eonfeseores
711 2164 865 2243 evangeiii
878 2162 1000 2241 Christi,
1021 2162 1097 2223 nihil
1119 2162 1209 2221 inter

286 2246 424 2306 misimus
445 2244 605 2323 laborum,
633 2246 822 2327 vigiliarum,
850 2245 1037 2322 oiiioiorum,
1060 2262 1211 2321 curemur,

287 2329 464 2390 orationum
486 2335 562 2405 eto,
595 2328 680 2409 qnod
700 2328 740 2389 nd
762 2328 979 2407 erudiendam,
1015 2326 1210 2403 servendum,

288 2410 516 2473 defendendum
539 2412 701 2474 eoolesism
725 2414 877 2492 pertinet,
905 2412 944 2473 de
966 2426 1027 2491 quo
1049 2429 1157 2471 secure
1177 2410 1209 2469 in

287 2494 424 2555 Domino
448 2494 630 2575 gloriemur,
662 2496 748 2555 onius
770 2492 853 2557 hesli
870 2501 942 2556 sunt
962 2495 1055 2571 done,
1080 2498 1213 2573 quaest

288 2578 437 2654 fecimus,
466 2578 593 2639 lecimus
616 2584 648 2639 et
668 2578 828 2642 hebemus.
870 2579 905 2640 ld
927 2578 1010 2658 quod
1039 2577 1131 2637 etiem
1160 2574 1212 2635 ed-

288 2661 427 2737 versarii,
450 2661 546 2721 velint
556 2662 665 2738 nolint,
687 2662 776 2723 fateri
789 2669 949 2743 eoguntur,
970 2680 1018 2724 res
1031 2662 1100 2741 ipse
1122 2658 1212 2720 nobis

288 2745 375 2805 testis
399 2751 447 2805 est
468 2750 500 2803 et
517 2746 655 2825 ipsorum
676 2744 797 2805 infinite
818 2745 935 2806 invidie
957 2763 995 2804 se
1005 2744 1148 2823 pertinax
1170 2742 1213 2801 fn·

288 2846 350 2904 ror,
373 2826 433 2887 nisi
454 2826 537 2905 quod
558 2827 619 2887 hoo
637 2826 788 2911 nolunt²)
803 2827 965 2889 eoolesiem
983 2827 1097 2902 voesri,
1121 2844 1212 2902 quem

288 2928 347 2969 nos
370 2927 519 2969 vocemus
542 2910 706 2971 ecelesiam
731 2909 784 2991 (de
805 2930 867 2989 que
888 2930 921 2971 re
943 2911 1003 2969 iem
1026 2926 1089 2968 non
1111 2906 1213 2985 dispu-

289 2998 421 3069 tamus),
443 2992 499 3053 sed
520 2999 695 3073 temenpro
717 3008 755 3053 ee
767 2994 1021 3074 congregatione,
1044 3008 1134 3069 quem
1155 3007 1213 3047 nos

288 3075 454 3135 eeclesiam
477 3094 625 3137 voosmus
643 3081 775 3151 (vooent
795 3076 854 3156 ipsi
877 3092 1068 3155 synagogam
1080 3072 1214 3132 Selenes

288 3164 320 3219 et
340 3177 526 3237 quoeunque
547 3161 674 3220 nomine
695 3158 823 3241 velint),
844 3159 932 3220 fetori
961 3163 1133 3237 eoguntur,
1155 3172 1214 3215 noe

288 3241 364 3301 nihil
389 3259 451 3301 non
474 3243 600 3318 lesisse,
634 3242 708 3303 nihil
740 3261 804 3303 non
826 3240 1004 3322 pertulisse,
1038 3247 1069 3299 et
1090 3242 1216 3318 propter

288 3344 360 3385 eem
381 3324 412 3383 in
436 3344 494 3385 nos
516 3326 690 3387 oonoitesse
713 3327 807 3386 totius
829 3324 911 3385 orbis
934 3322 1047 3386 odium.

331 3406 401 3467 Hoc
412 3408 621 3470 testimonium
634 3407 769 3469 hostium
780 3406 871 3468 nobis
884 3407 958 3468 setis
972 3412 1019 3467 est
1032 3424 1088 3487 pro
1103 3403 1214 3463 nostris
1327 3446 1333 3463 ,

288 3492 425 3571 posteris
447 3490 662 3565 admonendis,
684 3492 803 3551 soilioet
825 3510 865 3551 ne
888 3491 1029 3550 neseient
1050 3506 1107 3547 nos
1129 3484 1215 3564 impi-

288 3592 361 3653 gre,
397 3573 516 3633 lortiter
539 3582 571 3634 et
591 3574 707 3635 invicte
728 3575 852 3635 stetisse
874 3592 930 3653 pro
953 3574 1014 3632 iste
1038 3583 1146 3649 (quem
1169 3566 1214 3627 illi

288 3656 486 3736 synogogam
508 3656 644 3721 saunas
679 3664 810 3730 vooent)
843 3656 991 3733 ecelesia,
1030 3670 1123 3731 quem
1156 3668 1214 3710 nos
1275 3650 1278 3667 '

289 3738 370 3800 forte
393 3738 477 3799 brevi
500 3737 671 3801 defunoturi
684 3740 893 3819 relinquimus,
916 3758 977 3797 non
992 3735 1114 3816 quidem
1138 3752 1214 3793 mer·

290 3840 431 3882 moreem
453 3830 507 3883 eut
529 3831 723 3902 argenteum,
751 3822 807 3881 sed
837 3820 938 3882 solide
958 3822 989 3879 in
1014 3818 1135 3879 Christo
1158 3816 1216 3875 ior·

289 3913 418 3983 nietam,
441 3904 590 3965 eruditum
603 3914 634 3965 et
646 3906 804 3983 munitam,
825 3906 883 3985 ipsi
895 3903 1035 3978 viderint,
1058 3898 1216 3980 quomodo

327 4030 464 4156 pl'tlnsd.
477 4031 548 4087 1534
567 4030 668 4084 desunt
679 4028 827 4084 vocabule:
845 4029 953 4083 invexit
971 4031 1006 4081 et.
1041 4025 1075 4094 2)
1095 4023 1217 4079 Ibidem:

287 4116 368 4156 nom
