3159 4792
508 524 570 579 pso
589 510 791 571 munusue·
811 518 840 566 e
857 511 992 572 omnus.
1175 506 1219 575 89
1326 568 1330 572 ,

297 695 376 771 iure,
410 714 476 759 non
508 697 567 759 uisi
582 696 650 777 'per
670 698 892 781 Seriptruerum
927 698 1217 777 oonsolntioneml)

202 846 206 855 ,
298 778 495 853 habebimus,
529 799 609 859 quoe
645 801 702 845 nos
730 784 761 843 in
795 783 845 845 die
875 784 1024 845 melorum
1046 791 1163 845 ernost
1178 782 1219 843 ed

299 862 469 940 speotsnde
491 862 584 939 bone,
606 883 685 943 quoe
707 866 756 927 vel
778 869 954 945 proesentis
967 867 1220 942 veltuturesunt,

299 946 386 1005 simut
409 947 441 1006 in
465 946 514 1007 die
537 947 687 1009 bonorum
721 956 834 1011 avocat
860 949 900 1010 ed
929 950 1099 1030 speotsnde
1127 950 1220 1011 melo.

380 1029 508 1108 Verum,
530 1038 565 1093 ut
583 1030 661 1093 huso
682 1030 744 1093 duo
767 1039 892 1113 spectro
917 1042 950 1095 et
980 1034 1131 1114 imagines
1159 1052 1220 1093 me·
1263 1072 1269 1084 ·

299 1112 354 1173 iiue
377 1114 554 1193 oepiernus,
584 1113 724 1175 dabimus
748 1118 912 1197 uniruique
933 1137 1005 1177 sues
1026 1124 1130 1197 portes
1153 1134 1220 1197 sep·

300 1202 370 1257 tem.
415 1196 503 1259 Prior
525 1197 627 1279 imngo
650 1198 776 1259 hebebit
797 1200 894 1277 mele,
926 1219 1006 1279 quse
1025 1201 1220 1262 eonsideren·

300 1284 360 1339 tur:
392 1281 493 1359 primo
516 1282 597 1341 intre
618 1300 663 1355 se,
683 1282 821 1344 seeundo
843 1291 917 1345 ente
947 1303 998 1360 se,
1031 1285 1122 1345 tertio
1150 1289 1223 1363 pont

300 1382 342 1437 se,
364 1368 475 1441 quarto
498 1364 582 1427 iuste
610 1382 643 1425 se
671 1367 708 1426 in·
734 1366 877 1445 sinistro,
907 1368 1015 1445 quinto
1042 1369 1072 1427 iu
1100 1366 1222 1443 dextro,

300 1454 388 1507 sexto
410 1446 491 1509 inire
513 1466 556 1523 se,
579 1449 711 1527 septimo
735 1468 837 1529 supro.

320 1648 445 1729 Caput
466 1648 487 1710 1.
512 1646 554 1708 de
576 1656 740 1728 epeotro
763 1652 901 1730 primo,
923 1650 1024 1732 quod
1043 1657 1103 1710 est
1124 1669 1200 1709 ma-

607 1730 683 1793 lum
703 1734 915 1826 internum.

384 1866 455 1927 Hoo
474 1874 571 1927 retum
601 1874 649 1927 eet
671 1870 931 1947 etverissimum,
950 1870 1031 1929 sive
1059 1867 1091 1927 id
1118 1867 1225 1929 eredat

302 1951 396 2011 horno
420 1950 486 2010 sive
505 1969 581 2027 non,
604 1950 721 2011 uultum
744 1971 814 2013 esse
835 1971 930 2032 posse
956 1954 987 2013 in
1009 1952 1136 2018 homine
1158 1970 1222 2010 eru·

302 2035 414 2094 eintunr
439 2039 567 2111 mutum,
589 2033 641 2113 qui
663 2035 830 2113 pessimum
853 2036 893 2095 sit
908 2036 1068 2114 melorum,
1091 2053 1172 2114 quse
1192 2035 1223 2093 in
1291 2086 1294 2095 .

302 2119 369 2197 ipso
391 2124 475 2192 sunt,
497 2115 576 2177 adeo
599 2123 670 2177 sunt
690 2116 785 2199 longe
806 2119 897 2199 plure
918 2127 950 2180 et
963 2120 1081 2179 maiore
1101 2119 1133 2177 in
1155 2119 1224 2197 ipso

304 2199 400 2276 mele,
433 2218 525 2278 quem
556 2218 636 2278 quee
658 2203 758 2264 sentit.
803 2200 836 2263 Si
868 2204 949 2262 enim
987 2220 1074 2261 suum
1106 2199 1226 2261 metum

304 2284 440 2359 sentiret,
461 2282 610 2343 infernum
627 2284 763 2363 sentiret,
786 2304 857 2346 nem
878 2284 1030 2346 internum
1051 2285 1082 2343 in
1105 2303 1140 2343 se
1156 2284 1225 2362 ipso

302 2365 404 2427 hebet.
441 2364 580 2443 Quaeris,
603 2366 781 2445 quomodo?
814 2367 890 2429 dioit
916 2368 1091 2449 prophete:¹
1117 2364 1225 2427 Omnis

303 2450 397 2511 homo
422 2448 564 2527 mendax,
586 2450 762 2511 etiterum:
796 2452 947 2513 Universa
975 2451 1095 2511 venitus
1124 2449 1224 2510 omnis

301 2534 398 2595 homo
420 2532 547 2610 vivens;
569 2551 638 2593 esse
660 2540 763 2595 eutem
786 2534 967 2595 mendaeem
991 2543 1024 2595 et
1043 2552 1155 2595 venum
1178 2537 1226 2593 est

302 2634 371 2677 esse
393 2633 524 2675 vaenum
547 2616 675 2676 veritate
696 2623 727 2677 et
747 2637 782 2677 re
802 2620 878 2698 ipse.
930 2619 972 2679 At
998 2618 1067 2678 sine
1096 2616 1226 2677 veritate
1333 2679 1336 2683 A

302 2706 336 2759 et
353 2718 387 2758 re
405 2700 475 2777 ipse
491 2715 570 2775 esse,
593 2700 719 2760 estsine
738 2700 806 2762 Deo
820 2720 898 2779 esse,
919 2710 951 2762 et
971 2701 1046 2761 nihii
1068 2719 1148 2777 esse,
1165 2698 1227 2759 hoe

301 2789 403 2843 eutem
428 2788 475 2849 eet
497 2781 527 2841 in
548 2780 667 2842 inferno
690 2790 722 2843 et
743 2782 920 2846 demnatum
944 2804 1023 2846 esse.

383 2862 553 2927 ldeoDeus
575 2865 816 2927 misericorditer
838 2887 897 2928 nos
918 2870 1084 2947 enstignns,
1106 2866 1226 2927 leviore

303 2950 385 3009 mein
400 2945 492 3009 nobis
514 2948 622 3027 sperit,
644 2955 676 3009 et
697 2950 847 3027 imponit,
876 2952 977 3011 seierus
1012 2947 1095 3029 quod
1124 2950 1151 3009 si
1172 2948 1225 3008 ho-

303 3033 415 3092 minem
444 3032 475 3089 in
503 3049 592 3089 suum
621 3031 734 3091 malum
767 3030 937 3094 dedueeret
962 3030 1224 3111 eognoscendum‚

304 3134 376 3175 mox
403 3116 435 3175 in
466 3119 624 3174 momento
655 3116 784 3193 periret,
816 3116 870 3177 sed
903 3125 935 3176 et
965 3112 1133 3177 nonnullos
1165 3112 1227 3171 hoe

302 3206 445 3281 gustasse
468 3196 568 3267 dedit,
602 3194 641 3257 de
673 3197 783 3277 quibus
807 3199 933 3260 dieitur:
969 3198 1100 3259 Dedueit
1121 3194 1160 3257 ad
1181 3196 1224 3255 in·

302 3282 384 3343 ieros
408 3287 440 3339 et
461 3279 587 3341 redunit
632 3279 765 3342 Proinde
786 3290 871 3343 reete
892 3283 1012 3360 dieunt,
1034 3283 1085 3361 qui
1109 3280 1225 3360 pessin-

303 3383 357 3426 nes
381 3362 561 3443 eorporsleo
583 3369 699 3423 sonant
719 3366 871 3443 quendem
896 3366 1060 3428 monitoria
1090 3364 1162 3424 meli
1182 3363 1225 3421 in-

304 3448 389 3509 terni.
429 3444 477 3505 ‚m
498 3444 668 3524 Apostolus
691 3445 801 3509 Ebree.
826 3451 872 3512 12.
896 3457 988 3509 venet
1020 3468 1072 3509 ees
1094 3444 1225 3525 disoipli-

303 3550 357 3591 uss
380 3530 438 3591 Dei
463 3535 618 3608 petemus,
641 3527 766 3591 dioens:
804 3532 954 3613 Flageltst
978 3539 1079 3592 eutem
1103 3547 1225 3590 omnem

303 3612 417 3691 filium,
440 3630 530 3691 quem
554 3612 672 3690 recipit,
695 3613 777 3692 quod
800 3615 890 3692 teoit,
917 3615 1019 3675 uthis
1040 3612 1172 3694 flagellis
1195 3619 1227 3671 et

303 3698 406 3776 psr‘vis
430 3695 519 3756 metis
541 3692 678 3774 expellet
706 3716 819 3777 magus
838 3700 899 3759 ists
919 3699 1014 3773 mele,
1039 3716 1079 3757 ne
1101 3694 1225 3775 quaudo

303 3800 342 3841 es
370 3780 485 3839 sentire
514 3784 676 3857 oportent,
718 3780 797 3840 siout
824 3781 970 3842 Proverb.
993 3784 1048 3844 22:
1092 3778 1227 3841 Stultitia

304 3862 452 3943 eolligstn
475 3870 522 3923 est
542 3862 573 3921 in
596 3860 690 3925 eorde
724 3866 826 3941 pueri,
860 3864 914 3926 sed
936 3866 1024 3945 virge
1045 3862 1227 3944 diseipliuse

375 4040 407 4112 t)
428 4041 460 4097 ln
478 4042 527 4096 eda
541 4040 604 4099 an.
625 4042 764 4097 sdditrm:
785 4054 856 4093 enm.
