3159 4792
635 462 799 531 Hieronymi
817 461 935 520 anseri
1218 456 1238 523 7

312 654 374 715 hcc
405 652 486 713 falso
523 650 581 713 sibi
602 650 716 732 gaudio
739 651 886 727 illudent,
911 652 1078 713 orislamvs
1108 651 1238 732 erigent.

315 736 396 811 Quin
420 736 519 816 magis
532 734 744 811 erubescant,
767 735 851 815 quod
873 733 1062 795 reclamante
1084 736 1175 795 etiam
1195 735 1239 813 ip·

315 840 420 882 sorum
443 825 575 899 patrono
600 815 652 899 (ut
673 818 751 879 falso
775 820 929 892 iactitant)
962 817 1093 878 necdum
1124 816 1163 877 ed
1187 836 1240 878 cor

315 903 455 978 redeunt,
478 900 534 961 sed
555 903 717 961 marmoris
731 902 829 962 instar
840 903 950 982 rigent,
972 899 1053 961 haud
1077 918 1181 972 secus,
1204 918 1241 961 ac

316 986 342 1046 si
370 985 446 1046 dura
468 985 547 1045 silex
577 993 631 1043 aut
666 989 727 1044 siet
748 984 903 1063 Marpesia
931 990 1046 1045 cautes.
1091 984 1193 1061 Atque
1214 984 1240 1043 is

316 1068 459 1148 quidem,
493 1086 561 1127 curu
596 1066 762 1146 disputatio
795 1068 862 1148 ipsa
893 1067 940 1147 (ut
968 1068 1102 1147 ingenue
1123 1066 1238 1139 fatear)
1298 1075 1309 1091 ‘

316 1152 526 1215 contentionis
548 1168 640 1227 quem
656 1148 880 1210 aedificationis
902 1149 970 1229 plus
982 1169 1057 1229 prae
1079 1169 1112 1209 se
1129 1148 1241 1225 tulerit,

315 1254 396 1294 unus
417 1234 513 1313 ipsius
534 1232 649 1293 functus
671 1231 744 1293 mihi
767 1234 850 1293 visus
873 1241 930 1307 est,
953 1233 1036 1311 quod
1058 1233 1125 1311 ipse
1147 1233 1239 1292 etiam

314 1317 466 1377 Lntherus
479 1316 523 1393 ¹),
545 1318 592 1375 vir
614 1316 836 1396 rara‘proimto
860 1315 1032 1378 eruditione
1055 1323 1086 1375 ct
1101 1316 1241 1376 doctrina

288 1426 292 1430 ·
317 1402 368 1475 (in
402 1418 493 1478 quem
523 1405 668 1477 tanquam
704 1399 735 1459 in
767 1400 950 1479 parietatem
967 1398 996 1475 ²)
1037 1417 1146 1459 omues
1169 1416 1240 1478 spes

315 1502 389 1544 suas
410 1483 650 1555 inclinaverant)
675 1484 737 1543 tam
754 1481 888 1542 rotundo
912 1501 976 1557 ore,
1002 1488 1064 1543 tem
1088 1481 1239 1543 constant'

315 1566 419 1642 vultu,
452 1572 514 1625 tam
549 1572 659 1644 argute
686 1563 820 1643 denique
851 1565 971 1627 ratione
1004 1583 1059 1625 eos
1093 1583 1148 1643 spe
1181 1566 1241 1623 iste

314 1648 475 1725 fefelleril,
506 1653 624 1708 utnon
646 1648 747 1708 solum
769 1647 892 1727 publice
914 1648 1074 1707 coufessus
1097 1648 1152 1726 sit,
1186 1646 1240 1707 sed

315 1731 546 1809 cumquodam
576 1732 668 1791 etiam
703 1730 926 1809 indignationis
948 1730 1054 1809 spiritu
1077 1728 1242 1809 exprobra-

315 1816 397 1875 verit
417 1814 624 1875 Bohernorum
648 1820 757 1873 contra
777 1813 951 1874 Romanurn
975 1810 1154 1875 Pontificem
1177 1830 1242 1877 cor·

314 1917 408 1959 neam
440 1896 548 1957 fibram
579 1914 618 1955 ae
653 1898 870 1976 pertinaciam:
907 1896 983 1956 nihil
1014 1896 1132 1956 scilicet
1167 1894 1242 1957 tanti

316 1998 389 2043 esse
412 1987 555 2059 oportere
577 1998 730 2058 asserens,
753 1979 836 2059 quod
858 1998 915 2040 nos
937 1979 976 2040 eb
998 1980 1116 2040 unitate
1130 1978 1243 2039 Christi

316 2072 349 2125 et
372 2063 525 2123 ecclesiae
548 2082 693 2142 separare
715 2062 836 2123 debeat.

401 2146 463 2207 Sed
484 2164 544 2206 nec
565 2145 604 2207 ob
626 2145 688 2206 hoc
707 2146 752 2204 illi
781 2146 838 2206 sibi
861 2144 1020 2225 placeant,
1055 2144 1138 2223 quod
1159 2144 1240 2205 idem

317 2231 441 2291 Doctor
461 2230 609 2289 Martinus
644 2229 696 2307 pio
720 2228 855 2308 quodam
893 2232 945 2302 (ut
975 2227 1117 2306 equidem
1148 2226 1243 2287 credi-

314 2310 433 2393 derim)
467 2310 579 2374 affectu
613 2311 714 2372 mirari
742 2331 776 2371 se
813 2310 903 2387 dixit,
939 2317 984 2371 tot
1024 2328 1129 2371 eorum
1164 2328 1243 2388 esse,

315 2397 370 2476 qui
392 2395 537 2456 Bohemis
561 2394 761 2478 superciliose
781 2394 944 2471 insultent,
967 2389 1109 2472 maleque
1130 2394 1239 2471 impre-

317 2486 444 2555 centur,
478 2479 632 2539 nemiuem
654 2496 744 2554 vero,
771 2479 823 2556 qui
846 2478 960 2537 mitiori
982 2496 1036 2537 eos
1060 2476 1180 2536 calamo
1204 2474 1242 2536 ab

316 2580 424 2622 errore
445 2560 638 2638 dehortetur,
678 2562 812 2621 maxime
841 2580 910 2620 cum
939 2559 1090 2619 humanus
1124 2559 1244 2617 animus

316 2643 475 2706 blanditiis
506 2645 608 2724 potius
642 2642 712 2702 duci
747 2663 839 2721 quem
874 2644 963 2703 minis
996 2648 1050 2702 aut
1078 2641 1244 2702 terroribus

318 2729 393 2807 cogi
415 2728 497 2789 velit.
532 2726 714 2805 Complures
736 2727 818 2786 enim
837 2732 910 2785 tunc
933 2724 1244 2804 hiccine,Theologus

318 2818 409 2871 extra
438 2809 538 2869 aleam
572 2808 699 2887 doctus,
733 2808 772 2869 od
802 2808 953 2869 calculum
975 2808 1117 2882 vocavit,
1150 2806 1245 2867 veluti

318 2893 535 2972 Capislrenum
559 2891 729 2967 Cusanum,
762 2910 800 2953 ac
828 2891 963 2969 reliquos
992 2897 1156 2951 veteranos
1196 2896 1246 2957 lut

318 2976 360 3036 de
381 2974 618 3051 recentioribus,
657 2976 777 3052 tuisque
805 2974 899 3052 ipsius
934 2972 1135 3033 concionibus
1168 2972 1245 3031 salu-

318 3059 459 3119 berrimis
481 3058 531 3118 hic
552 3062 702 3134 taceam),
725 3058 776 3135 qui
809 3076 872 3116 non
894 3057 1088 3134 importuno,
1112 3053 1165 3113 sed
1189 3054 1245 3113 Dei

318 3142 428 3222 spiritu
451 3141 631 3215 etlenitate
653 3140 827 3201 Christiane
849 3158 904 3199 ecs
928 3145 1098 3199 erratorum
1122 3154 1245 3197 suorum

320 3224 569 3302 admonuerunt,
599 3230 629 3283 et
650 3225 681 3283 in
703 3225 784 3283 viam
807 3222 953 3283 reducere
975 3222 1080 3281 conati
1101 3227 1189 3298 sunt,
1217 3225 1248 3279 et

321 3316 426 3368 tamen
460 3307 555 3367 nihilo
589 3308 690 3365 secius
717 3313 954 3386 promoverunt,
990 3322 1081 3383 quern
1116 3304 1141 3364 si
1180 3305 1247 3381 quis

321 3390 416 3451 surdo
439 3396 542 3450 narret
563 3388 709 3451 fabulam.

406 3471 509 3546 Quare
537 3492 600 3533 non
629 3478 692 3548 est,
731 3471 815 3551 quod
850 3470 1044 3550 supercilium
1074 3476 1247 3529 nostrorum
1272 3474 1274 3477 '

321 3562 472 3617 accusent
488 3556 533 3629 ³).
582 3553 729 3629 Quamvis
762 3553 835 3633 quid
866 3560 950 3613 vetet
981 3560 1042 3614 tam
1075 3556 1249 3632 opportune

322 3657 415 3717 quam
437 3639 629 3717 importune,
661 3638 747 3699 iuxta
768 3637 960 3717 apostolum,
997 3635 1093 3695 durae
1121 3633 1249 3695 cervicis

322 3721 466 3782 homines
487 3729 654 3800 appetere,
688 3720 853 3798 omniaque
875 3720 957 3799 prius
981 3718 1129 3798 experiri,
1157 3736 1248 3797 quam
1328 3732 1332 3743 “

398 3930 432 3999 1)
451 3930 534 3999 Apud
565 3930 693 3984 Loesch.:
740 3928 882 3981 Martinus.
946 3929 978 3994 2)
1005 3926 1086 3981 ibid:
1123 3934 1249 3994 tanquam

318 4005 468 4084 parietem.
506 4003 539 4072 3)
561 4002 643 4056 ibid:
662 4006 804 4055 excusent.

366 4114 389 4199 l
