3159 4792
633 474 795 543 Hieronymi
809 473 931 531 anseri.
1226 470 1245 535 3

324 680 695 791 Aui'Aegooerotem
718 705 990 855 ffffiimnum
1020 703 1060 771 Μ.
1083 710 1246 775 Lutheri

696 813 715 853 a
778 815 787 855 1
818 815 864 856 ro.

405 909 550 987 (Ptaeter
584 911 665 971 hano
697 912 930 993 inscriptionem
970 912 1044 971 nihil
1076 911 1187 992 legitur
1213 914 1245 971 in

322 992 407 1053 tituli
422 994 537 1073 pagiua
558 994 712 1074 nullisque
732 995 786 1055 illa
810 1001 920 1068 oruata
952 1003 999 1055 est
1031 996 1127 1075 signis
1157 1002 1245 1075 typo·
1339 1058 1345 1067 ,

321 1075 485 1156 graphionis,
507 1078 539 1137 in
560 1076 624 1137 line
644 1078 770 1159 legitur:
795 1079 979 1159 impressum
1003 1076 1245 1159 Vuittenbergae

322 1177 377 1238 per
404 1160 558 1222 loannem
585 1159 788 1243 Gruueuberg
813 1162 906 1223 Anno
927 1162 966 1227 M.
990 1162 1026 1224 D.
1050 1162 1129 1222 XIX.
1156 1162 1244 1225 form.

345 1250 461 1308 ⁴sirtan.
1213 1262 1221 1281 ¹

322 1260 362 1320 qu
403 1245 479 1386 Alia)
507 1326 617 1387 eodem
650 1347 732 1389 anno
771 1328 880 1389 horum
914 1328 1096 1407 scriptorum
1130 1328 1244 1407 prodiit

322 1407 424 1488 edito,
446 1428 527 1489 quse
548 1409 630 1471 hano
649 1430 724 1489 prae
745 1431 781 1471 se
802 1412 859 1473 lert
880 1410 1130 1491 inseriptiouem:

361 1492 408 1553 De
429 1493 647 1573 Disputationes
668 1493 853 1574 Lipsioensi,
876 1502 1022 1573 quanmm
1044 1493 1084 1553 sd
1107 1494 1242 1554 Boemos

363 1575 463 1638 obiter
497 1576 619 1637 deflexa
654 1585 717 1657 est,
750 1578 893 1657 Epistola
921 1577 1102 1657 Hieronymi
1123 1576 1241 1638 Emser.

362 1659 410 1719 Ad
448 1659 677 1740 Aegooerotem
714 1661 927 1721 himserianum
963 1660 1083 1720 Martini
1119 1659 1241 1719 Lutheri

360 1741 487 1803 Additio
533 1745 577 1820 (s.
610 1743 630 1805 l.
662 1751 694 1803 et
721 1752 769 1819 a.)
809 1743 947 1823 (Lipsiae
982 1742 1099 1824 1519),
1152 1742 1241 1803 form.

362 1834 460 1904 quart.
485 1826 621 1903 (Panner
640 1828 722 1887 Anu.
736 1835 807 1908 -typ
831 1828 895 1904 Vll,
918 1828 1008 1905 212).

402 1908 557 1989 leguntur
578 1909 657 1969 haee
678 1912 792 1990 aoripte
824 1910 919 1971 latine
941 1911 1033 1971 etiam
1063 1910 1094 1968 in
1118 1909 1239 1971 oollsot.

320 1990 399 2071 Opp.
429 1992 552 2054 humeri
581 1992 743 2054 lunensii
780 2014 811 2073 p.
835 1996 893 2058 367
923 2012 1005 2073 squ,
1045 1992 1240 2054 Wittemb.l

319 2094 348 2153 p·
376 2077 436 2139 342
479 2095 564 2157 sqq„
612 2077 645 2137 iu
701 2077 865 2137 Loesoheri
913 2077 1049 2137 Reform.
1099 2076 1167 2137 Aot.
1190 2074 1241 2153 lll,

318 2178 347 2237 p.
370 2162 433 2224 seo
476 2178 561 2239 ειη,
595 2160 772 2239 germanus
815 2159 897 2241 apuu
929 2159 1050 2221 walah.
1084 2158 1118 2224 u.
1141 2144 1240 2220 xvm

317 2261 345 2320 p.
371 2243 452 2308 1479
475 2262 541 2322 sqq.

439 2405 501 2498 De
529 2401 837 2525 Disputatione
866 2402 1065 2526 Lipsami
1079 2406 1119 2521 ¹),

317 2557 471 2638 quantun
498 2556 539 2623 ad
559 2556 711 2625 Bohemos
734 2559 840 2625 obiter
868 2558 990 2625 deflexa
1012 2561 1078 2634 ast,
1101 2557 1240 2640 epistola

583 2640 768 2725 Hieronymi
788 2642 912 2710 Emssri
924 2642 967 2719 ²).

399 2758 512 2819 Noster
520 2756 553 2841 *)
563 2759 614 2820 hie
621 2759 807 2841 Aegoceron
820 2761 988 2823 sinesoeno
1000 2766 1109 2840 peceat
1125 2760 1155 2819 iu
1167 2775 1238 2836 uuo,

439 2838 533 2923 Quod
557 2862 619 2903 non
643 2851 691 2903 est
713 2842 885 2918 Luoae**)
916 2843 998 2903 linea
1022 2843 1113 2902 dueta
1135 2861 1237 2905 manu.
1281 2902 1283 2905 .

315 2976 549 3041 Reverendo
581 2977 889 3124 PatriIDomino
917 2978 1085 3039 Iohanni
1113 2977 1237 3053 Zaek,

725 3082 848 3123 ursum

315 3158 453 3238 Dostori,
475 3160 656 3222 Catholicae
677 3161 1014 3241 EoeleaiaePragonsis
1036 3158 1236 3220 Administre·
1319 3214 1326 3229 „

315 3243 391 3316 tori,
427 3262 466 3303 ae
490 3242 761 3306 Lithomerieensis
792 3246 987 3325 Praeposito,
1029 3243 1236 3323 Hieronymus

313 3324 459 3387 Emserua
471 3326 517 3405 ²),
540 3326 702 3390 Saoterum
721 3329 881 3390 Oauonum
894 3328 1090 3406 Licentiatus,
1113 3325 1142 3389 S.
1154 3326 1185 3385 P.
1198 3326 1236 3386 D.

396 3444 592 3507 Habitantem
615 3447 646 3506 in
679 3452 710 3507 te
732 3446 844 3509 Christi
867 3446 1021 3525 spiritum,
1054 3442 1236 3505 Reverendo

311 3528 419 3607 Pater,
451 3547 519 3589 oum
551 3530 615 3590 vita
641 3528 734 3591 refert
744 3528 776 3604 3)
808 3528 929 3591 Christo
965 3528 1073 3609 digna,
1113 3532 1175 3587 tum
1204 3526 1234 3586 id

386 3712 414 3767 1l
434 3709 512 3778 Apud
551 3712 678 3765 Loeseh.:
726 3712 885 3781 Lipsioensi.
949 3708 981 3774 2)
1004 3708 1091 3762 lbid.:
1129 3708 1235 3760 Emser.

311 3783 341 3843 3)
363 3779 446 3836 thiu:
467 3785 578 3836 referat.

347 3851 350 3856 ⁴
385 3856 416 3917 ‘i
439 3854 499 3907 lion
528 3854 667 3907 distichon
698 3856 726 3906 in
754 3852 787 3907 ed
829 3854 963 3921 lipsiensi
999 3850 1164 3905 collocatum
1194 3858 1235 3903 est

311 3942 397 3993 super
423 3925 530 3978 Emseri
557 3927 714 3995 insignibus
742 3926 896 3994 gentilitiis.
918 3952 950 3961 -
998 3925 1043 3983 ’Ἴ
1065 3923 1149 3974 Lucae
1173 3924 1194 3974 i.·
1211 3937 1234 3974 e.

311 3998 404 4050 Lusus
422 3996 559 4050 Craneeh.
578 3998 693 4053 losseh.
752 4034 756 4042 -
999 4063 1043 4125 1*
1113 4102 1116 4106 ¹
1157 4016 1159 4021 ’
