3159 4792
458 496 528 553 Acta
543 497 630 554 Aac.
648 499 753 554 Lovun
761 500 924 555 contrait.
943 500 1022 556 Loth
1140 500 1208 587 309

278 686 379 747 sessor
399 686 618 765 Lovaniensis,
642 689 694 768 qui
716 689 839 769 saepius
861 689 1013 771 epistolae
1032 689 1071 750 ad
1093 690 1201 751 Luthe·

279 790 344 829 rum
383 769 477 832 dabat
501 771 557 846 (cf.
591 771 679 832 Luth.
708 771 785 853 Epp
821 772 868 835 ed.
892 772 1127 848 Aurif.1,253.
1163 773 1204 833 de

280 853 385 915 Wotte
407 852 471 933 lp.
493 853 579 934 432),
602 875 672 915 curn
695 856 921 934 conscripserit.
964 855 1202 917 Seclrendorilus

281 933 330 1016 (in
354 935 432 996 Hist.
449 936 572 999 Luther.
594 938 606 997 l
631 936 1201 1020 §81p.125)Praefat10nemhu1us

278 1018 377 1080 libelli
396 1025 542 1098 tanquam
565 1039 584 1079 a
605 958 752 1081 lutherop
767 1022 972 1101 compositam
995 1022 1033 1081 ad
1056 1022 1203 1105 Alcandri

280 1117 383 1161 mores
406 1101 627 1165 describendos
649 1102 746 1165 effert.
1208 1155 1210 1158 .

362 1184 428 1244 Nos
461 1191 576 1245 textum
613 1188 811 1266 repetivimus
846 1206 884 1247 ex
918 1186 990 1247 edit.
1012 1187 1091 1267 Opp
1115 1187 1202 1249 Luth.

280 1267 459 1327 lenensia.
483 1272 580 1347 1566,
603 1268 653 1330 ubi
675 1270 828 1330 invenitur
842 1270 930 1330 Tom
945 1270 1010 1349 lp.
1033 1272 1102 1335 496.
1119 1270 1203 1331 Red-

279 1349 360 1409 ditur
381 1349 442 1410 hoc
463 1315 609 1431 scriptdm
629 1352 725 1413 latine
747 1354 839 1412 etiam
867 1353 896 1412 in
921 1352 990 1412 coll.
1014 1352 1040 1414 Ο
1043 1373 1092 1433 pp
1115 1352 1202 1413 Luth.

281 1432 427 1494 Wittenb.
450 1432 496 1510 Π,
529 1455 559 1513 p.
581 1436 636 1514 35,
670 1436 847 1515 germanice
875 1436 904 1495 in
929 1435 1000 1496 coll.
1024 1435 1144 1497 Waloh.
1166 1436 1202 1497 Τ.

278 1516 335 1576 XV
359 1535 389 1596 p
413 1517 493 1581 1582
516 1536 580 1596 sqq.

302 1764 389 1833 Acta
409 1742 598 1836 Academiae
619 1765 831 1834 lovaniensis
854 1767 966 1833 contra
987 1762 1170 1833 lutherum.

534 1900 713 1963 Candido
735 1902 897 1963 Lectori
920 1900 949 1963 S.

362 2098 468 2179 Nova,
491 2119 569 2180 quae
591 2120 673 2161 nunc
694 2107 783 2180 sunt,
807 2108 838 2162 ut
859 2102 994 2162 omnium
1016 2098 1144 2162 interest
1166 2122 1204 2161 ea

278 2184 416 2244 maxime
438 2189 513 2244 nota
524 2202 604 2262 esse,
624 2183 733 2245 lubens
743 2203 909 2265 exponam.
954 2185 1048 2245 Venit
1070 2185 1117 2244 his
1140 2184 1202 2247 die-

279 2265 335 2327 bus
357 2267 564 2347 Hieronymus
586 2267 757 2344 Aleander,
790 2268 837 2327 vir
863 2286 919 2328 sua
940 2268 1087 2347 opinione
1108 2267 1203 2347 longe

279 2350 450 2426 maximus,
476 2368 538 2409 non
561 2350 660 2411 solum
683 2357 810 2430 propter
832 2350 969 2431 linguas,
993 2369 1068 2430 quas
1091 2350 1203 2409 eximie

271 2431 389 2510 callet,
419 2431 570 2511 siquidem
592 2432 712 2494 Elbraea
734 2434 778 2493 illi
801 2434 965 2494 vernacula
988 2439 1050 2511 est,
1083 2432 1203 2493 Graeca

278 2535 297 2574 a
320 2534 416 2594 puero
439 2515 481 2575 illi
505 2517 637 2593 coaluit,
672 2516 779 2579 Latine
810 2524 910 2577 autem
946 2515 1052 2576 didicit
1087 2516 1203 2576 diutina

278 2597 485 2677 professione,
508 2598 678 2660 sedetiam
700 2599 846 2659 mirabilis
869 2599 926 2661 sibi
949 2600 1067 2661 videtur
1091 2598 1130 2660 ob
1153 2618 1203 2659 an-

278 2682 452 2761 tiquitatem
473 2683 603 2761 generis.
647 2682 725 2742 Nam
748 2682 879 2743 iudaeus
910 2689 1086 2759 natusest,
1125 2684 1206 2763 quae

279 2783 357 2844 gens
380 2764 545 2825 immodice
577 2765 725 2846 gloriatur
753 2765 791 2827 de
813 2764 968 2825 Abraham
998 2767 1203 2826 vetustissimo

279 2865 314 2907 se
343 2847 492 2928 originem
523 2847 643 2908 ducere.
689 2849 737 2908 An
765 2861 840 2911 v'ero
863 2848 1031 2927 baptisatus
1060 2848 1118 2925 sit,
1152 2867 1203 2907 ne-

280 2930 385 2991 scitur.
430 2930 552 2991 Oertum
575 2938 622 2991 est
644 2950 712 2991 eum
735 2951 798 2992 non
821 2928 1110 3006 essePharisaeum,
1132 2931 1204 3007 quio

280 3030 344 3073 non
367 3012 464 3073 credit
484 3016 739 3075 resurrectionem
757 3020 963 3090 mortuorum,
993 3012 1138 3090 quoniam
1161 3013 1204 3070 vi-

278 3096 323 3155 vit
344 3095 472 3175 perinde
493 3104 586 3176 atque
607 3116 675 3157 oum
706 3116 839 3176 corpore
866 3096 905 3156 sit
937 3102 984 3156 tot
984 3114 1019 3155 us
1041 3098 1203 3175 periturus,

279 3177 359 3239 adeo
383 3179 540 3239 nullumo
570 3199 604 3240 se
625 3199 751 3264 pravum
775 3178 916 3240 affectum
950 3177 1117 3239 abstinens.
1149 3176 1203 3239 Us-

184 3327 188 3337 ,
280 3280 342 3341 que
362 3260 443 3321 ad
435 3263 585 3322 rusaniem
607 3252 770 3323 iracundus
793 3269 857 3340 est,
897 3262 1002 3342 quavis
1038 3262 1204 3323 occasione

279 3344 402 3423 furens,
431 3345 610 3425 impotentis
631 3347 841 3427 arrogantiae,
865 3346 1013 3405 avaritiae
1035 3344 1201 3425 inexplebi-

279 3427 335 3504 lis,
357 3427 511 3488 netandae
531 3427 718 3489 libidiniset
738 3428 941 3505 immodicae,
965 3446 1115 3489 summum
1138 3427 1202 3509 glo·

278 3511 345 3570 riae
366 3512 568 3591 mancipium,
591 3531 765 3591 quanquam
789 3511 922 3588 mollior,
942 3529 1035 3653 quam
1060 3511 1111 3589 qui
1132 3528 1203 3589 pos·

280 3595 321 3653 sit
343 3592 503 3654 elaborato
525 3595 596 3655 stilo
619 3595 748 3675 gloriam
772 3614 899 3675 parare,
923 3600 954 3654 et
976 3596 1079 3673 peior,
1111 3611 1202 3672 quam

280 3678 331 3755 qui
356 3676 406 3736 vel
428 3679 586 3737 conetur
578 3698 608 3737 ln
631 3685 813 3774 argumento
836 3677 978 3739 honesto

362 3759 406 3819 At
428 3778 467 3819 nc
503 3762 693 3834 nesciemus,
727 3762 820 3821 cessit
851 3760 1028 3820 felicissime
1061 3756 1204 3817 simulate

280 3842 414 3904 defectio
438 3841 475 3901 ad
500 3842 610 3903 Christ
589 3850 700 3904 t.ranos
722 3844 838 3904 Nactus
862 3844 1005 3904 enimsic
1028 3846 1204 3901 astansem

278 3923 452 3986 illustrandi
473 3925 551 3986 llosi
579 3928 626 3986 sui
662 3936 693 3987 et
722 3926 906 3988 obscurandi
930 3924 1041 3989 Christi
1064 3922 1204 4005 gloriam,

280 4028 361 4090 quae
382 4008 445 4070 hoc
462 4010 582 4070 seculo
599 4010 721 4099 ⁸coepit
749 4009 965 4089 reflorescere,
1000 4006 1204 4067 flaccescente
