3159 4792
501 492 506 506 '
546 499 643 548 contre
660 511 769 552 errores
788 496 823 554 Μ’.
842 496 922 550 Lutb.
1141 495 1208 565 m

317 685 349 740 et
374 679 530 747 revelatus
555 680 648 745 inerit
668 681 763 745 bomo
792 682 846 746 ills
875 681 1101 764 steterumt),
1124 682 1204 748 filius

317 762 509 843 perditus²)‚
531 766 583 844 qui
605 771 654 826 eat
664 765 878 846 Adversarius,
902 773 934 828 et
953 763 1077 830 effertur
1098 765 1205 828 adver-

318 866 370 924 sus
394 865 538 925 omnem,
572 849 624 927 qui
646 847 756 910 dieitur
777 849 877 927 Deus,
898 858 952 911 aut
973 869 1103 929 numen,
1124 850 1205 914 adeo

319 936 352 989 ut
380 929 411 990 in
441 931 557 1011 templo
574 931 632 993 Dei
660 931 782 1011 sedeat,
818 939 978 996 ostentans
1001 931 1080 1012 se³)
1116 937 1205 1014 'quasi

318 1012 431 1105 Deum.
473 1013 599 1076 Habes?
621 1014 727 1096 Incipe
747 1014 878 1078 Bullem.

358 1095 424 1158 Leo
451 1096 644 1178 episeopus,
671 1116 780 1163 servus
790 1102 825 1176 a)
858 1118 1015 1162 servorum
1045 1099 1113 1162 Dei.
1156 1099 1213 1180 Ad¹

280 1185 458 1261 perpetuam
486 1182 533 1242 rei
554 1183 743 1246 memoriam.
785 1181 970 1265 Exsurgeb)
995 1183 1146 1262 Domine,
1177 1189 1212 1248 et.

279 1262 420 1341 indicae)
443 1283 569 1327 oausam
591 1269 693 1343 tuam,
722 1284 841 1328 memor
862 1274 929 1326 esto
950 1267 1206 1346 improperiorum

192 1402 193 1405 ,
280 1353 418 1424 tuorum,
441 1364 564 1427 eorum,
598 1366 678 1427 quae
699 1347 738 1411 ab
759 1347 974 1429 insipientibus
984 1346 1018 1431 d)
1042 1347 1119 1413 flunt
1140 1355 1217 1413 tota.

281 1429 339 1492 die.
382 1429 501 1492 inelina
522 1449 629 1493 eurem
651 1437 734 1492 tuam
755 1431 914 1512 adpreoss
935 1430 1110 1514 nostiusa),
1133 1450 1230 1510 quo.

281 1514 364 1574 niam
402 1521 600 1577 surrexerunt
637 1513 779 1596 vulpasi)
810 1523 993 1599 quaerentes
1021 1513 1204 1596 demolirig)

283 1597 430 1672 vineam,¹
455 1598 540 1658 ouius
562 1604 594 1658 tn
618 1598 752 1661 torcular
772 1597 899 1662 oalossti
923 1597 1025 1675 solus,
1046 1604 1077 1659 et
1099 1606 1206 1660 ssoen-¹

283 1698 368 1740 surus
392 1679 432 1741 ad
454 1680 575 1742 Patrem
610 1681 676 1742 eiua
699 1701 819 1760 euram,
852 1681 992 1762 regimen
1020 1687 1051 1742 st
1081 1679 1207 1744 admini-

284 1764 460 1826 strationem
483 1763 575 1826 Pstro
598 1770 744 1843 tanquam
765 1764 922 1846 Gepidi),
945 1770 976 1826 et
997 1770 1050 1826 tuo
1072 1764 1217 1843 vicario,¹

284 1847 408 1926 eiusque
430 1845 717 1929 Sueoessoribusi),
744 1848 842 1910 instar
874 1846 1087 1928 triumphantis
1110 1847 1230 1928 eboba.¹

285 1928 404 2011 sisai),
428 1930 625 1993 commisisti:¹
645 1934 850 1992 exterminare
863 1927 890 2008 l)
915 1931 1020 1992 nititur
1042 1949 1110 1992 eum
1132 1949 1207 2011 aper
1232 1999 1235 2004 ,

286 2011 323 2073 de
343 2013 438 2091 silva,
459 2018 493 2075 et
512 2013 676 2093 singularia
696 2014 779 2077 ierus
801 2013 976 2094 depaseitur
998 2032 1076 2074 eom.
1149 2065 1154 2077 .
1191 2086 1194 2091 ,

324 2097 359 2176 a)
384 2095 464 2172 Quid
485 2097 527 2158 im
550 2115 619 2161 eras
640 2097 750 2178 igitur,
780 2103 812 2160 et
833 2104 919 2160 tanto
948 2116 1016 2160 oum
1045 2097 1126 2158 fastu
1149 2095 1206 2170 do·
1319 2103 1325 2113 ‘

324 2179 470 2242 minaris?
504 2116 549 2260 hp
560 2177 732 2262 Exsurget,
761 2179 819 2242 sed
842 2180 929 2257 vide,
952 2199 992 2242 ns
1014 2199 1127 2261 magno
1151 2186 1205 2240 tuo

325 2262 420 2325 melo.
443 2265 478 2340 o)
502 2261 694 2330 ludioabitin
712 2282 827 2344 magna
840 2263 1073 2344 exspectatione
1095 2267 1210 2328 nostra.

326 2346 364 2424 d)
388 2345 439 2406 Ah
460 2365 523 2408 non
537 2346 771 2427 iusipientibua3
789 2347 893 2408 stetim
909 2345 948 2411 ad
965 2344 1129 2408 maledieta
1140 2364 1209 2406 ner·

326 2430 363 2492 tit
383 2447 435 2506 ae,
464 2436 558 2510 atque
579 2429 630 2491 bio
649 2429 702 2491 ille
724 2436 773 2491 est
793 2429 904 2490 Leonis
928 2429 1061 2510 rugitus,
1085 2447 1146 2508 quo
1169 2428 1211 2490 de

326 2511 503 2592 Sophoniba
524 2512 680 2593 Propheta
702 2513 863 2575 manifeste
886 2512 968 2590 dioit,
991 2518 1024 2572 et
1045 2512 1143 2574 multe
1163 2510 1209 2572 ibi

326 2596 364 2656 Ι).
386 2595 593 2676 Hieronymus
615 2595 770 2657 liberrime
789 2595 935 2675 loquitur.
960 2598 994 2673 e)
1018 2594 1164 2673 Faoeret,
1187 2594 1213 2655 si

326 2696 428 2757 eeqna
447 2684 580 2759 peteres.
621 2679 651 2754 i]
676 2679 740 2740 Viri
753 2679 867 2744 fortes.
889 2684 927 2760 g)
951 2679 1143 2758 Expurgare.
1163 2677 1212 2738 Tu

326 2768 446 2838 eutem,
462 2761 514 2821 ubi
536 2762 698 2841 pecuniam
721 2781 740 2825 a
762 2761 925 2824 Germanis
948 2760 1085 2842 quotidie
1106 2779 1210 2824 emun-

327 2845 385 2924 gis,
405 2845 453 2906 sie
473 2850 504 2906 te
525 2844 631 2918 habes,
653 2851 687 2905 ut
707 2845 844 2924 quelibet
855 2844 1017 2924 vulpecula
1037 2843 1212 2905 iraudulen-

328 2928 388 2988 tior
411 2926 555 2991 videaris.
597 2927 730 2990 Tantum
750 2947 771 2988 a
791 2927 918 2988 leonina
939 2925 1150 3006 magnitudine
1174 2923 1212 2984 ad

329 3009 475 3070 humilem
496 3016 580 3070 otte
600 3010 757 3091 indignam
780 3009 919 3072 deflectis
941 3008 1095 3068 astutiam.
1122 3006 1214 3082 Quod

329 3095 355 3154 si
376 3093 524 3153 talionem
546 3092 602 3153 tibi
624 3112 682 3153 nos
704 3093 834 3154 reddere
854 3111 965 3174 oogss,
989 3091 1158 3171 poterimus
1182 3093 1214 3149 et

329 3195 394 3243 nos,
409 3175 522 3255 disere,
538 3194 603 3236 non
623 3176 748 3257 vulpem
771 3178 833 3238 iem
855 3180 896 3256 te,
918 3171 975 3236 sed
997 3174 1136 3253 asperius
1158 3169 1210 3232 ad-

329 3261 389 3321 hue
409 3259 515 3338 lupum
536 3259 672 3320 Arabiae
703 3261 927 3340 vespertinum,
969 3255 1052 3337 quod
1088 3273 1215 3318 munera

330 3343 416 3423 napis
448 3345 481 3403 et
511 3342 656 3405 iustitium
679 3342 805 3421 vendis,
841 3349 874 3404 ut
894 3343 925 3402 in
947 3347 978 3402 ts
999 3339 1216 3420 prophetioum

330 3425 406 3488 illud
429 3424 604 3489 exolemere
626 3427 807 3488 conveniet:
843 3426 911 3486 Vae
938 3423 1132 3504 pastoribus,
1164 3421 1217 3500 qui

330 3509 512 3589 dispergunt
532 3514 564 3568 et
584 3508 729 3572 luserant
751 3506 790 3591 h)
803 3525 806 3532 ·
818 3507 905 3587 Vide,
925 3506 977 3570 ubi
987 3506 1093 3567 fundet
1116 3511 1216 3585 tyran·

331 3590 445 3653 nidem.
486 3592 514 3661 ii
540 3591 638 3652 Multa
657 3592 708 3654 hie
728 3591 902 3652 monendus
923 3610 1010 3666 eras,
1033 3590 1059 3650 si
1081 3591 1215 3648 voearet

330 3675 394 3739 lem
417 3675 521 3734 atatim
542 3692 606 3735 non
619 3674 714 3741 ¹eudit
735 3681 765 3736 te
787 3674 942 3736 Christus:
965 3672 1103 3734 mentiris
1126 3669 1218 3748 enim,

333 3759 416 3838 quod
435 3756 505 3824 ‚odit
520 3756 584 3820 ille.
641 3802 643 3806 -

295 3888 710 3914 Mantua—»efflan-

355 3961 381 4022 l)
401 3956 433 4010 In
452 3953 496 4008 ed.
516 3951 594 4007 Jon:
613 3953 699 4006 bomo
718 3951 832 4020 peooeti.
852 3949 885 4018 2)
905 3947 1026 4002 Ibidem:
1046 3944 1219 4016 perditionis.

296 4028 326 4097 3)
345 4028 467 4084 ibidem:
488 4023 638 4081 ostendens
657 4039 696 4077 se.
