3159 4792
390 1382 701 1480 Tassaradacas
743 1386 1041 1483 consolatoria
1095 1414 1177 1597 ppo
1190 1390 1311 1600 tla-
1410 1364 1412 1369 ’

1136 1531 1190 1598 ar
1213 1531 1280 1599 nn

417 1497 677 1595 tonantibus
715 1506 759 1596 at
789 1502 991 1600 Oneratis
1020 1504 1068 1597 ll.

752 1616 944 1715 Lnthsri.

743 1843 953 1851 ——-—--

486 2019 677 2109 Frideiionm
719 2050 895 2110 Elector-em
933 2066 1018 2107 anno
1057 2050 1136 2112 1519
1175 2050 1311 2129 graviter

391 2140 601 2213 aegrotantem
625 2133 839 2193 consolaturus
872 2132 1020 2191 Lutlierus
1051 2130 1158 2191 librum
1182 2148 1309 2211 compo-

391 2218 464 2293 suit,
498 2235 588 2295 quem
622 2217 777 2297 inscripsit
807 2213 1147 2275 Tessatadecada:
1170 2217 1311 2275 continet
1411 2286 1412 2291 η

391 2301 471 2359 enim
495 2300 540 2359 bis
564 2306 682 2379 septem
704 2306 841 2379 spectra,
868 2316 947 2378 quac
970 2304 1100 2376 vocant,
1123 2298 1188 2358 sive
1209 2299 1310 2359 conai-

391 2382 581 2442 derationnm
604 2386 721 2463 capita,
755 2391 874 2463 septem
897 2380 1062 2458 malorum,
1097 2382 1206 2461 quibua
1227 2380 1311 2457 affli-

390 2466 706 2545 guntanhristiani,
730 2472 761 2525 et
782 2473 900 2546 septem
924 2466 1092 2542 bonorum,
1123 2462 1231 2543 quibus
1253 2466 1311 2524 eri-
1410 2512 1412 2515 <

390 2556 508 2628 guntur.
553 2549 611 2608 Die
641 2551 690 2612 22.
722 2551 836 2608 mensis
859 2548 1045 2628 Septembris
1068 2567 1096 2610 a.
1121 2549 1201 2611 1519
1227 2548 1312 2607 hunc

390 2630 498 2690 librum
518 2630 676 2711 Spalatino
699 2633 782 2691 misit
803 2632 880 2691 haec
893 2631 1026 2693 addens:
1048 2631 1163 2708 „Venit
1183 2631 1309 2691 tandem

391 2713 429 2773 ad
453 2724 500 2795 te„
517 2716 556 2774 mi
579 2714 746 2795 Spoletina,
768 2714 992 2775 Tesseradecas
1016 2734 1100 2791 mea,
1129 2713 1216 2774 tarde
1244 2715 1311 2793 qui·
1410 2778 1412 2787 ἰ

361 2800 363 2805 “
391 2795 476 2877 dem,
510 2796 565 2857 sed
595 2799 647 2857 vix
683 2801 774 2859 etiam
810 2800 854 2857 sic
886 2797 1040 2879 procellas
1072 2799 1310 2878 occupationum

395 2900 530 2940 mearum
554 2881 674 2961 elapsa,
703 2901 795 2962 quam
817 2890 850 2942 nt
871 2882 1036 2952 transferas
1058 2881 1169 2959 libere,
1192 2888 1223 2941 et
1242 2880 1311 2940 illn-

391 2965 540 3025 strissimo
554 2966 686 3046 Principi
708 2972 815 3025 nostro
838 2964 959 3044 offeras,
982 2966 1007 3023 si
1029 2965 1073 3024 ita
1095 2964 1225 3043 videtur,
1247 2966 1310 3044 epi-

391 3048 472 3108 stola
498 3049 697 3128 praefationis
736 3048 872 3123 adiecta,
907 3048 989 3109 licet.
1039 3047 1118 3107 Nam
1151 3067 1200 3107 rea
1236 3047 1310 3107 mihi

392 3131 536 3191 minutior
557 3132 653 3192 videri
675 3140 837 3211 coeperat,
871 3150 961 3211 qnam
984 3138 1018 3190 ut
1038 3130 1174 3211 ampulla
1195 3133 1310 3210 episto·

392 3215 448 3274 lari
460 3220 546 3274 tanto
559 3215 690 3294 Principi
712 3216 877 3275 dicaretur:
902 3214 1057 3274 arbitrium
1070 3220 1154 3274 tuum
1171 3214 1304 3273 esto“·—
1339 3256 1346 3261 -

392 3304 423 3356 et
445 3297 476 3355 in
498 3295 559 3356 fine
582 3299 732 3377 epistolae
756 3305 879 3377 petens:
903 3297 984 3376 „Sed
1001 3297 1087 3377 heus,
1112 3296 1194 3377 qnod
1208 3316 1311 3377 paene

391 3380 627 3459 praeterieram,
658 3381 817 3461 exemplar
836 3380 1121 3461 Tessaradeeados,
1141 3390 1308 3462 postquam
1411 3388 1412 3393 ’

392 3482 477 3523 suam
500 3465 675 3524 servitutem
699 3466 832 3543 servivit,
854 3464 1019 3526 revideam.
1073 3464 1151 3525 Nam
1183 3471 1214 3525 et
1240 3466 1310 3545 ipse

391 3546 438 3606 his
468 3548 556 3626 nugis
589 3567 638 3608 me
671 3546 764 3607 solari
796 3549 914 3627 cogito,
949 3567 1008 3608 nec
1041 3568 1163 3627 semper
1184 3555 1255 3607 sunt
1276 3550 1309 3609 in

392 3637 523 3709 promtu,
546 3648 625 3709 quae
646 3631 686 3690 ibi
711 3633 864 3712 congessi,
887 3631 979 3693 etiam
1001 3633 1201 3710 hamaticae,
1225 3632 1310 3711 quod

392 3712 592 3773 meditatione
614 3716 659 3773 sui
690 3713 908 3794 locupletiores
939 3714 1072 3792 evadent
1105 3716 1186 3776 mihi.
1230 3716 1311 3775 Vale

393 3803 424 3857 et
473 3816 522 3857 me
568 3797 699 3877 Principi
743 3798 947 3858 commenda“
986 3798 1090 3877 (Luth.
1136 3799 1215 3880 lllpp.
1261 3801 1311 3861 ed.

392 3879 487 3941 Aurif.
510 3880 546 3959 11,
567 3900 596 3960 p.
619 3884 646 3945 3.
668 3880 707 3941 de
726 3880 831 3941 Wette
844 3882 871 3960 l,‘
888 3901 917 3961 p.
930 3881 1021 3959 336).
1044 3884 1102 3945 Die
1123 3888 1172 3949 29.
1195 3885 1310 3945 mensis

391 3960 573 4023 Novembris
596 3983 622 4028 a.
634 3965 713 4028 1519
727 3964 876 4025 Lutherus
886 3965 1046 4044 spalatino
1057 3968 1311 4030 Tessaradecada

391 4044 422 4103 in
454 4043 588 4124 lingnam
612 4046 827 4109 Germanicam
858 4049 1052 4112 transferenti
1088 4060 1120 4113 et
1151 4053 1190 4114 de
1220 4052 1309 4113 titulo
