3159 4792
556 503 780 565 contremeret
798 445 932 562 urm
1139 498 1204 568 279

362 683 431 768 Age
451 692 572 766 eutem,
605 684 683 768 quid·
710 685 828 753 ambire
849 684 903 752 tibi
936 688 968 752 in
989 688 1096 752 seculo
1119 687 1202 770 lioet,

321 787 413 848 quem
434 767 549 833 Peulns
568 768 814 850 dispensatorem
830 769 888 832 Dei
910 790 980 834 esse
989 770 1083 850 iubet,
1105 778 1137 833 et
1157 790 1204 834 se

320 858 480 932 qnestrsre
501 852 541 918 ab
561 853 714 923 seomnis
733 853 885 917 secularis
906 853 1079 917 desiderio?
1100 855 1204 918 Debes

321 944 354 999 tu
382 955 457 998 vero
485 935 663 1017 inprimis¹J
686 937 864 1020 exemplum
900 956 970 1000 esse
1004 937 1140 1000 fidelium
1172 940 1204 1000 in

321 1017 429 1097 verbo,
452 1019 482 1080 in
501 1020 748 1101 conversatione,
769 1022 801 1081 in
824 1020 1004 1100 oannem),
1025 1023 1057 1082 in
1078 1019 1150 1103 fide,
1172 1023 1205 1083 in

320 1102 480 1182 castitate,
507 1108 581 1167 ante
608 1104 713 1175 omnio
735 1105 815 1166 viem
836 1104 974 1166 veritatis
996 1105 1119 1186 eligere.
1164 1105 1205 1166 At

320 1186 403 1247 viem
438 1186 574 1250 verioris
595 1173 692 1268 elegi,
724 1207 794 1253 oum
822 1186 986 1250 Pselmiste
1005 1187 1205 1264 (Ambrosius

321 1269 382 1348 ait)
407 1267 511 1330 dicere
530 1289 623 1334 nemo
646 1275 767 1350 potest,
796 1270 847 1349 qui
875 1270 1027 1332 secularia
1061 1273 1205 1353 eoncupi-

320 1353 396 1430 soit,
418 1353 470 1431 qui
491 1371 512 1414 n
554 1353 674 1419 edetur.
718 1353 789 1417 Non
813 1359 861 1414 est
886 1354 967 1417 enim
996 1355 1048 1420 rie
1069 1356 1206 1416 veritatis
1314 1399 1319 1414 ι

319 1433 456 1498 habendi
478 1441 527 1499 stu
552 1435 663 1517 omi),
686 1435 837 1517 cupiditas
859 1436 1055 1516 possidendi,
1078 1445 1131 1502 eut
1151 1437 1206 1499 ho-

320 1537 380 1581 nor
398 1517 488 1583 huiua
509 1518 623 1597 seculi,
643 1518 820 1584 sollicitudo
842 1519 958 1584 mundi.
986 1519 1028 1582 Et
1049 1520 1079 1583 in
1102 1521 1204 1598 Petro,

321 1609 356 1662 ut
369 1599 480 1682 dignus
490 1600 591 1680 tieret,
604 1603 656 1681 qui
665 1601 777 1665 Glnisti
790 1621 867 1666 oves
877 1609 1029 1683 posceret,
1042 1603 1117 1666 nihil
1123 1603 1207 1665 eliud

320 1684 476 1765 quaesivit
490 1684 637 1763 Christus,
660 1703 751 1764 quam
774 1687 822 1748 sui
835 1705 982 1750 amorem.
1025 1685 1085 1762 Qui
1107 1687 1206 1767 quelis

320 1769 378 1846 sit,
400 1767 556 1842 lohannes
577 1768 685 1847 docet,
717 1769 821 1834 Filioli
843 1770 918 1848 mei,
945 1770 1103 1849 inquiens,
1142 1789 1206 1833 nou

320 1849 486 1932 diligamus
506 1851 621 1930 verbo,
643 1871 745 1933 neque
766 1853 886 1934 lingue,
909 1852 963 1914 sed
986 1871 1081 1932 opere
1096 1860 1135 1919 et
1155 1872 1207 1914 ve-

318 1935 422 1996 ritste.
463 1933 499 1998 In
520 1935 584 1998 hoc
604 1937 823 2016 agnoscimus,
853 1937 926 2016 quis
947 1955 986 1998 ex
1009 1937 1137 2017 seritpte
1159 1955 1206 1996 su·

320 2037 400 2080 mus.
441 2015 483 2079 Et
511 2016 598 2081 Beda
618 2038 681 2080 non
703 2020 801 2083 melus
825 2026 928 2099 autor,
951 2019 1029 2082 Sunt
1057 2021 1206 2100 quiores

321 2101 451 2180 Christi,
482 2102 590 2182 inquit,
610 2121 673 2164 non
695 2122 803 2166 amore
824 2093 951 2181 Christi,
985 2102 1040 2166 sod
1060 2122 1137 2166 enee
1158 2102 1208 2163 vel

321 2182 494 2266 gloriae⁴),
516 2183 566 2249 vel
595 2183 831 2264 dominationis,
867 2185 917 2247 vel
940 2185 1085 2265 quaestus
1107 2187 1208 2268 gretia

321 2274 462 2414 {efflant
505 2267 552 2328 De
574 2267 684 2348 quibus
706 2268 746 2332 ed
767 2268 982 2349 Philippenses
1005 2270 1208 2350 conqueritur

346 2371 367 2413 e
401 2369 445 2412 us

361 2433 432 2496 Hoc
451 2431 566 2496 idcirco
587 2433 732 2515 pluribus
754 2434 918 2505 admonui,
948 2453 989 2494 ne
1010 2453 1145 2514 unquam
1168 2454 1207 2496 ee

323 2517 378 2578 tibi
401 2515 513 2577 fiducie
531 2515 658 2595 incidet,
681 2523 715 2578 ut
734 2517 890 2580 arbitreris
911 2516 1123 2580 huiuscemodi
1136 2517 1205 2578 Bul·

323 2600 476 2680 lis,posse
493 2608 524 2661 te
545 2620 565 2664 a
584 2601 726 2664 veritetis
748 2600 851 2664 surdis
874 2600 1046 2664 adsterrere
1067 2619 1143 2680 nos,
1175 2607 1208 2662 et

323 2703 343 2746 e
364 2683 531 2747 dilectione
541 2683 600 2746 Dei
620 2702 784 2764 seperare:
807 2685 921 2765 quippe
943 2685 1119 2747 iuDomino
1134 2703 1207 2748 eon-

321 2765 455 2844 fidimus,
477 2765 559 2847 epod
574 2785 673 2846 quem
694 2773 775 2829 teste
795 2767 850 2830 lob
872 2767 1018 2830 fortitudo
1038 2774 1139 2830 estet
1161 2788 1208 2830 ss·

321 2849 450 2930 pientio,
471 2851 523 2930 qui
540 2850 634 2914 ⁴uenit
654 2856 686 2912 et
697 2848 903 2931 decipientem
926 2852 1027 2930 etqui
1049 2851 1209 2932 decipitur,

324 2934 375 3013 qni
398 2931 527 3005 effundit
548 2932 781 3013 despectionem
804 2953 896 3012 super
910 2933 1079 3013 Principes,
1101 2941 1132 2994 et
1154 2951 1209 2994 eos

323 3017 375 3097 qui
398 3017 539 3097 oppressi
551 3015 673 3080 luerunt
689 3017 816 3080 relevet.
839 3015 1007 3096 Responde
1030 3016 1102 3076 mihi
1124 3033 1208 3091 sero,

323 3101 391 3178 quis
434 3101 582 3161 ermanolt
602 3100 633 3160 in
656 3098 809 3161 mundetis
830 3099 967 3177 Domini,
989 3105 1022 3160 et
1043 3097 1209 3160 derelictus
1334 3165 1336 3169 ι

323 3182 392 3247 est?
412 3119 549 3245 l’roinde
570 3201 634 3245 non
657 3189 688 3244 te
709 3183 861 3261 timemus,
883 3181 962 3261 Leo,
987 3183 1215 3262 quantumcnnl

324 3284 385 3345 que
407 3266 607 3327 ferocientem
630 3265 734 3328 etiae.
776 3266 847 3328 Non
876 3267 958 3328 enim
987 3267 1104 3348 poteris
1128 3285 1212 3326 ever-

324 3355 391 3413 tere
412 3347 544 3412 nibunat
565 3348 695 3425 Christi,
728 3368 790 3430 qno
812 3349 974 3412 nobiscum
997 3349 1053 3411 tibi
1075 3348 1209 3412 eundum

324 3439 387 3510 est,
421 3439 454 3496 et
473 3431 513 3494 ed
544 3431 629 3512 quod
648 3437 857 3513 provocantes
878 3452 936 3496 nos
959 3451 1028 3494 cum
1051 3432 1212 3514 Propheta

324 3513 470 3578 dicimus:
499 3515 618 3578 lustitia
643 3516 720 3581 iusti.
750 3535 843 3597 super
864 3535 944 3580 enm.
987 3516 1073 3578 Haec
1095 3515 1211 3576 liduoie

324 3606 382 3667 est
426 3597 472 3661 Τιι
493 3599 519 3659 si
541 3618 591 3660 me
613 3597 712 3678 undis,
733 3619 797 3662 non
814 3605 886 3664 ente
901 3601 1110 3680 cognitionem
1127 3597 1210 3659 dem·

356 3821 389 3891 1)
411 3821 516 3877 ibidem
539 3822 630 3877 deest:
653 3823 790 3893 inprimis.
829 3822 862 3888 2)
883 3821 990 3876 Ibidem
1010 3821 1100 3875 deest:
1122 3822 1151 3873 in
1170 3837 1214 3874 on·

284 3896 374 3948 riteto.
413 3895 443 3957 3)
461 3893 568 3950 Ibidem
586 3895 700 3965 legitur:
727 3894 849 3948 studium
874 3893 1005 3948 habendi.
1043 3893 1075 3959 dl
1095 3893 1128 3948 In
1147 3891 1213 3947 edit.

285 3965 399 4021 metet
417 3965 518 4020 desunt
528 3968 626 4021 verbu:
644 3971 733 4032 antor,
754 3967 824 4020 Sunt
854 3967 883 4019 ui
902 3981 969 4020 oves
983 3962 1093 4032 Christi,
1113 3967 1213 4034 inquit,

288 4054 344 4093 non
364 4054 462 4094 amore
480 4037 592 4106 Christi,
611 4038 661 4093 sed
679 4055 747 4094 snae
765 4038 810 4093 vel
828 3981 945 4110 ἐσήιε.
