3159 4792
648 518 680 571 D.
699 518 733 573 M.
753 521 872 575 liutheri.
1171 524 1231 591 157

304 712 390 769 esset
412 706 476 766 ullo
510 709 621 786 modo,
656 707 720 765 sive
749 710 996 770 excommunicet
1030 712 1096 771 sive
1123 714 1230 792 minus,

304 789 415 851 melius
439 796 486 849 est
508 793 671 857 ecelesiam
694 788 735 848 ibi
759 808 820 849 nou
844 792 967 869 audire,
987 812 1077 872 quam
1099 796 1130 855 in
1154 802 1231 877 peri·

305 874 408 934 culum
438 893 525 939 suum
563 877 601 937 ad
625 874 723 933 Deurn
753 892 821 932 curn
856 873 927 936 ficto
956 877 1050 937 eorde
1071 881 1230 958 accedere,

305 959 378 1037 quia
400 955 451 1016 hic
473 971 580 1023 contra
603 959 711 1031 Deum,
734 956 774 1015 ilri
798 966 906 1017 contra
928 959 1089 1020 ecclesiam
1113 970 1230 1024 tantum

304 1046 470 1121 peccetur,
508 1047 534 1105 si
558 1052 659 1105 tamen
684 1046 829 1121 peccatur
861 1041 920 1100 isto
942 1062 1031 1121 casu,
1065 1047 1228 1107 ecclesiam

305 1142 367 1193 non
391 1123 555 1188 audiendo.
598 1121 855 1200 Quandoquidem
885 1126 1017 1185 ecclesia
1039 1128 1114 1186 nihil
1136 1129 1230 1190 habet

307 1205 468 1289 mandare,
497 1213 529 1271 in
554 1228 614 1288 quo
638 1208 678 1265 sit
698 1207 867 1284 periculum
889 1210 1032 1285 animae,
1056 1220 1086 1270 et
1108 1232 1230 1293 semper

305 1299 353 1350 est
375 1302 523 1373 exceptus
547 1290 691 1352 articulus
715 1289 866 1350 eiusmodi
895 1309 914 1349 a
935 1295 1109 1373 praeceptis
1133 1296 1229 1356 encle-

305 1375 378 1435 aiue.
423 1371 574 1456 Quicquid
603 1375 683 1434 enirn
720 1373 871 1452 praecipit
902 1374 984 1452 ipsa,
1018 1395 1073 1454 pro
1097 1378 1163 1438 Deo
1198 1389 1229 1441 et

305 1457 427 1517 animae
458 1460 557 1520 salute
580 1454 737 1538 praecipit,
759 1474 959 1533 praesumens
981 1456 1136 1519 hominem
1160 1480 1228 1523 esse

305 1557 452 1617 capacem
477 1542 632 1622 praecepti
656 1539 712 1613 aui,
735 1544 766 1596 et
780 1537 924 1599 idoneum
946 1539 984 1599 ad
1006 1542 1226 1621 impletionem.

305 1620 392 1695 Quae
419 1626 628 1705 praesumptio
662 1622 688 1679 si
716 1619 845 1699 fallitur,
879 1631 1074 1702 praeceptum
1105 1645 1228 1705 quoque

304 1725 365 1766 non
390 1712 484 1786 tenet,
505 1728 574 1768 curn
597 1712 704 1767 contra
721 1704 778 1762 Dei
801 1712 967 1783 praecepta
992 1715 1088 1785 (quae
1111 1712 1228 1769 consei-

305 1791 418 1849 entiam
442 1791 556 1870 ligant)
581 1797 715 1850 statuere
738 1784 813 1845 nihil
834 1789 942 1865 possit.

386 1873 568 1934 limandum
594 1879 686 1946 certe,
710 1868 822 1929 multos
845 1869 1046 1931 ecclesiastici
1069 1877 1226 1955 praecepti

303 1958 412 2017 timore
441 1957 604 2035 accedere,
636 1952 744 2033 quibus
767 1955 870 2014 tamen
893 1955 956 2013 rita
978 1957 1061 2035 prior
1085 1956 1166 2017 mala
1188 1978 1227 2018 ex

302 2039 397 2100 corde
419 2039 531 2120 placet.

687 2204 845 2279 Quartum.

387 2359 477 2434 Quod
500 2361 525 2419 si
547 2360 626 2418 iuter
660 2360 817 2437 angustias
848 2357 1057 2437 deprehensus
1085 2359 1227 2422 formidet

303 2444 468 2520 abstinere,
491 2453 521 2503 et
543 2450 645 2503 tamen
664 2441 757 2500 sentit
774 2443 818 2517 (si
840 2460 912 2502 vere
926 2442 1000 2503 velit
1022 2443 1135 2521 loqui),
1159 2464 1228 2504 sese

303 2546 408 2587 carere
432 2524 544 2587 affectu
580 2526 680 2585 borrae
709 2525 887 2604 propositae
918 2526 1014 2589 ritae:
1058 2526 1121 2602 hic,
1145 2528 1226 2606 quod

303 2631 395 2669 unum
418 2610 568 2688 reliquum
593 2614 649 2686 est,
671 2608 891 2687 apprehendat,
914 2618 946 2668 ct
964 2608 1135 2689 prophetae
1157 2630 1228 2670 con-

304 2694 404 2752 silium
430 2694 535 2753 audiat
553 2689 745 2767 dicentis*):
767 2690 922 2751 Effundite
945 2710 1049 2751 coram
1065 2693 1118 2753 illo
1133 2697 1228 2754 corda

303 2786 422 2837 vestra:
451 2794 488 2835 ac
518 2780 687 2855 prostratus
711 2772 804 2853 plane
826 2773 1009 2836 confiteatur
1031 2776 1097 2836 Deo
1129 2781 1227 2838 totum

304 2860 416 2919 malum
440 2858 541 2919 cordia
564 2860 626 2931 sui,
651 2864 681 2916 et
703 2863 769 2917 oret
791 2864 822 2916 et
844 2864 930 2937 optet
950 2858 1065 2918 bonum
1088 2864 1226 2940 proposi·

303 2950 374 3006 tum.
421 2942 485 3001 lmo
509 2942 576 3020 quis
599 2947 658 2999 tarn
679 2939 838 3020 superbus,
862 2948 894 2999 ut
914 2940 975 3001 hoc
992 2942 1153 3001 consilium
1169 2944 1227 3003 sibi

303 3045 365 3085 non
390 3032 477 3105 putet
498 3023 728 3085 necessarium?
757 3042 826 3081 curn
855 3022 955 3083 nullus
990 3029 1075 3082 tanto
1099 3026 1138 3083 sit
1159 3044 1227 3104 pro-

304 3110 407 3189 posito
433 3108 526 3184 bonu,
551 3114 666 3186 quanto
681 3106 773 3166 debet
796 3125 874 3170 esse.
917 3104 991 3166 ldeo
1014 3125 1121 3165 secure
1143 3115 1229 3187 petat

302 3210 320 3250 a
342 3187 421 3267 Deo,
444 3190 526 3271 quod
549 3191 684 3250 sentitse
708 3208 770 3249 non
784 3190 922 3249 invenire
934 3190 964 3248 in
978 3209 1012 3248 se
1024 3192 1103 3269 ipso,
1126 3189 1228 3250 donec

302 3276 382 3335 serio
406 3277 437 3334 et
461 3293 531 3333 vere
544 3273 672 3352 incipiat
693 3272 750 3331 eibi
763 3273 887 3351 placere
906 3275 989 3333 vitae
1001 3272 1136 3332 melioria
1159 3293 1226 3353 spe-

303 3360 382 3427 clea,
415 3364 446 3416 et
478 3377 533 3417 sua
554 3356 734 3435 displicere,
779 3375 842 3416 non
871 3358 951 3416 enim
975 3356 1134 3417 doctrinae
1156 3358 1227 3417 illae

303 3441 341 3500 de
363 3442 523 3521 proposito
548 3441 630 3499 bono
655 3439 816 3499 formando
833 3440 964 3499 traditae
986 3458 1023 3499 ac
1045 3441 1159 3519 passim
1182 3443 1225 3499 in-

303 3524 442 3583 culcatae
466 3531 536 3583 aunt
556 3521 789 3601 intelligendae,
812 3522 896 3600 quod
917 3523 1011 3583 homo
1029 3523 1096 3601 ipse
1119 3542 1157 3581 ex
1174 3523 1225 3583 'ee-

303 3626 336 3667 ae
359 3606 389 3665 id
412 3606 544 3667 formare
567 3612 598 3665 et
621 3605 760 3663 laborare
781 3604 894 3665 debeat
918 3606 1013 3685 (haec
1035 3607 1115 3664 enim
1138 3606 1225 3665 intel-

303 3689 430 3770 ligantia
441 3709 522 3748 mors
532 3695 616 3748 estet
628 3686 769 3767 perditio,
784 3695 815 3747 et
829 3691 907 3748 sicut
921 3692 964 3748 ait
985 3687 1118 3767 ille**):
1142 3688 1224 3748 Mors

302 3773 333 3833 in
357 3773 429 3849 olla,
454 3772 578 3835 ohomo
594 3770 660 3845 Dei,
684 3770 754 3831 licet
766 3772 826 3830 heu
842 3772 962 3853 plurimi
975 3773 1006 3830 in
1030 3791 1068 3830 ea
1080 3769 1222 3846 misere¹l

459 3916 507 3923 .-

329 3916 393 4009 *1
396 3966 405 4018 )
418 3916 457 4007 ln
478 3916 520 4009 ed..
539 3955 599 4008 Jcn.
619 3953 710 4009 deest:
732 3958 842 4007 misere.

377 4026 407 4093 *l
428 4026 500 4083 Paal.
519 4026 561 4081 62.
607 4026 654 4089 ”a
678 4026 693 4079 l
713 4026 780 4095 Reg.
800 4027 825 4080 t.
