3159 4792
574 492 927 582 mfflmfflmm
1145 522 1209 592 m
1323 545 1325 549 ·

284 731 369 776 mera
389 714 449 775 Dei
477 713 688 776 misericordia
706 734 764 795 per
785 715 938 778 Obriotnm
967 718 998 775 in
1019 715 1124 776 verbo
1144 716 1209 776 aios

282 817 450 879 personam
479 797 574 878 digne
595 804 627 858 et
648 799 844 860 ootiioienter
875 797 1022 859 iustifloet
1047 806 1078 858 ct
1100 799 1208 876 salvet,

282 888 316 942 et
335 881 425 941 nullo
447 899 559 961 opere,
590 874 675 941 nulla
702 883 771 962 lege
795 882 970 943 Christiano
991 882 1107 941 homini
1131 901 1222 960 opus,

281 983 353 1043 cese
375 963 584 1043 adsalutem,
614 983 683 1023 cnm
704 983 761 1044 per
780 961 873 1025 fidem
904 965 980 1025 iiber
1001 967 1041 1024 ait
1061 963 1101 1025 ab
1124 965 1208 1024 omni

282 1047 363 1128 lege,
391 1052 425 1106 ot
445 1065 485 1107 ex
507 1065 591 1106 mera
611 1047 752 1108 libertate
765 1045 795 1130 Ι)
823 1050 926 1108 omnia
948 1049 1081 1129 gratuito
1104 1047 1206 1128 tbciat,

283 1146 488 1210 quaecunque
508 1131 597 1207 iacit,
626 1130 702 1190 nihil
724 1147 874 1210 quaerent
903 1141 957 1190 aut
977 1131 1132 1192 commodi
1156 1139 1207 1190 aut

282 1213 392 1274 salutis
416 1212 503 1294 (cum
538 1214 600 1272 iarn
623 1222 707 1274 eatur
734 1218 766 1274 et
787 1213 891 1275 salvos
925 1213 1007 1289 oit²t
1032 1215 1131 1294 gretia
1152 1213 1210 1276 nei

286 1307 332 1357 ex·
350 1294 415 1356 tide
433 1294 521 1379 ono),
543 1297 597 1356 aed
619 1297 719 1356 solum
742 1296 971 1377 beneplacitum
990 1297 1057 1359 Dei.
1149 1325 1150 1330 κ

368 1378 422 1440 sic
442 1388 475 1439 et
493 1377 611 1439 infideli
632 1380 748 1439 nullum
771 1395 850 1460 opne
885 1381 998 1440 bonum
1021 1379 1148 1460 prodeat
1169 1379 1215 1448 od¹

282 1462 431 1526 iustitiam
453 1468 486 1522 et
506 1462 647 1541 salutem,
671 1481 689 1523 e
711 1463 833 1524 divorso
858 1463 974 1522 nullum
997 1463 1109 1522 malum
1131 1479 1209 1542 optio

282 1546 359 1606 iacit
380 1543 497 1627 ennii)
520 1545 634 1605 maium
651 1552 704 1606 ant
719 1545 907 1625 damnatum,
930 1545 982 1605 aad
1002 1543 1208 1624 incredulitate,

178 1661 180 1665 ν
284 1647 366 1708 quoe
389 1647 553 1708 personam
573 1635 604 1688 et
633 1630 773 1690 arborem
808 1630 925 1690 malam·
951 1629 1041 1706 iacit,
1076 1628 1160 1688 mala
1178 1635 1209 1688 et

283 1712 432 1773 damnato
450 1712 523 1771 facit
544 1729 649 1791 opero.
692 1712 797 1790 Unde,
820 1711 891 1772 dum
916 1711 1015 1774 bonno
1037 1717 1090 1770 aot
1111 1711 1209 1769 malus

284 1797 447 1874 quiequam
470 1793 607 1874 efficitur,
629 1813 692 1855 non
713 1796 775 1856 boc
796 1795 834 1856 ab
853 1795 1008 1875 operibus,
1029 1793 1085 1854 aed
1108 1812 1126 1854 a
1148 1793 1209 1854 flde

283 1878 333 1939 vel
355 1877 571 1938 incredulitate
592 1879 701 1954 oritur,
724 1880 803 1938 aient
826 1877 956 1958 Sapiens
969 1878 1004 1956 *t
1031 1877 1118 1937 dicit:
1152 1875 1219 1938 1an

283 1963 361 2022 tium
385 1960 507 2040 peccati
527 1968 704 2040 apostatare
726 1962 837 2039 alico,
859 1962 969 2040 idest,
992 1979 1053 2021 non
1074 1959 1209 2038 credere,

282 2053 315 2106 ot
343 2041 456 2104 Paoina
478 2043 588 2104 Ebrac.
613 2049 670 2106 tt:
700 2045 832 2123 Oportet
852 2043 1050 2124 accedentem
1072 2043 1209 2120 credere,

283 2136 314 2188 et
335 2127 476 2188 Christus
497 2126 712 2186 idemdioeno:
735 2127 799 2187 bnt
818 2127 910 2188 facite
933 2126 1071 2188 arborem
1094 2126 1207 2187 bonam

283 2218 316 2271 et
335 2211 452 2270 fructus
474 2211 542 2270 eino
560 2208 676 2288 bonor,
693 2217 746 2270 aot
766 2209 858 2271 tacite
880 2210 1019 2271 arborem
1045 2211 1156 2270 melem
1178 2216 1210 2269 ct

282 2295 401 2354 iromus
423 2295 489 2354 aius
510 2294 627 2371 malos,
651 2311 689 2353 oo
710 2295 756 2353 sic
776 2293 872 2353 dicat:
907 2291 965 2368 Qui
989 2293 1074 2352 volet
1094 2293 1207 2352 fructus

283 2379 386 2438 bonos
409 2375 537 2454 habere,
564 2377 605 2437 ob
636 2377 746 2437 arbore
765 2377 909 2456 incipiet,
940 2383 972 2436 et
993 2373 1073 2435 hano
1095 2376 1209 2436 bonam

282 2458 455 2542 plantabit,
488 2460 532 2519 ita
553 2459 605 2538 qui
626 2459 689 2519 vult
710 2458 802 2522 bona
825 2459 965 2540 operari,
993 2477 1055 2518 non
1077 2456 1116 2520 ab
1138 2475 1210 2538 cpe

282 2543 393 2622 tando,
416 2541 509 2602 seda
532 2542 688 2603 eredendo
708 2536 844 2623 incipiat,
866 2542 948 2622 qnod
970 2561 1134 2622 personam
1157 2539 1209 2602 bo·

284 2645 358 2688 nam
384 2625 469 2688 facit.
513 2626 584 2686 Non
606 2628 688 2685 eninr
711 2643 876 2707 personam
899 2626 1012 2688 bonam
1034 2627 1122 2704 iacit,
1150 2625 1209 2685 nini
1310 2645 1317 2653 ·

283 2710 373 2788 tideo,
395 2725 456 2769 nec
477 2709 600 2785 maiam,
622 2709 681 2768 nisi
702 2708 908 2773 incredulitas.

367 2792 437 2852 Hoc
458 2811 533 2852 eane
554 2811 659 2852 varum
683 2799 745 2872 eet,
780 2793 925 2873 operibus
955 2791 1023 2852 ¹{ieri
1052 2793 1208 2852 hominem

283 2876 399 2937 bonum
428 2883 481 2934 ant
509 2875 623 2935 maium
645 2893 749 2936 corant
782 2875 974 2953 bominibus,
1012 2873 1072 2934 hoc
1106 2881 1209 2934 autem

233 2957 239 2966 '
282 2959 348 3020 fieri
381 2965 431 3019 eet
453 2958 550 3036 idem,
580 2958 661 3037 quod
690 2958 816 3019 ostendi
842 2965 873 3019 et
894 2958 1058 3038 cognosci,
1076 2959 1150 3034 quie
1171 2957 1210 3015 ait

285 3043 387 3104 bonno
409 3049 463 3102 aut
477 3043 585 3120 maluo,
606 3041 785 3102 utchnetus
798 3042 902 3104 Mottn.
915 3045 943 3105 7.
961 3039 1050 3099 dicit:
1072 3039 1120 3098 Ex
1131 3039 1208 3098 irtio-

284 3126 364 3186 tibuo
385 3143 492 3186 eorum
507 3126 702 3206 cognoscetis
723 3144 788 3188 coe.
831 3127 873 3186 At
893 3124 1061 3184 hoctotum
1084 3123 1115 3182 in
1139 3139 1209 3202 epe·

288 3211 336 3269 cie
358 3216 392 3269 et
413 3219 502 3268 extra
521 3213 635 3285 monet,
657 3227 719 3287 qna
737 3210 768 3268 in
791 3227 824 3269 re
846 3208 967 3290 plurimi
981 3206 1135 3284 falluntur,
1158 3206 1208 3284 qni
1309 3225 1310 3230 ¹

284 3291 421 3352 scribere
437 3297 469 3351 et
491 3291 606 3352 docere
627 3298 827 3371 praesumunt
849 3291 931 3352 bono
953 3307 1064 3370 opero,
1099 3289 1206 3367 quibua

283 3373 529 3452 iuotifioemur4),
552 3376 674 3434 interim
695 3374 766 3435 {idei
781 3393 821 3436 ne
843 3380 1052 3436 memorentur
1074 3373 1207 3454 quidem,

285 3466 398 3519 euntes
416 3459 452 3518 in
472 3459 529 3517 viis
548 3459 634 3536 atrio,
655 3457 725 3518 iaici
747 3466 779 3519 et
799 3459 942 3519 fallenter
964 3473 1099 3536 semper,
1138 3475 1206 3537 pro-

283 3539 423 3601 ficientes
444 3541 476 3600 in
497 3541 595 3621 peine,
617 3542 701 3601 oaeoi
725 3559 888 3602 caecorum
912 3541 1016 3619 ducee',
1040 3539 1142 3599 maltis
1161 3557 1206 3598 se*-

284 3641 318 3684 oe
339 3623 487 3705 operibus
498 3625 673 3705 fatigantes,
694 3632 726 3685 et
748 3634 851 3686 tamen
874 3621 1077 3704 nunqnamad
1102 3639 1205 3681 veram

284 3707 429 3768 inetitiam
451 3709 677 3788 pervenientes,
700 3708 901 3788 dequibnofl.
918 3707 1030 3766 Paulus
1043 3711 1068 3768 1.
1091 3705 1205 3768 time.

285 3787 372 3854 dioit:
403 3791 560 3853 Habentes
583 3791 704 3869 qnidam
729 3793 865 3872 speeiem
888 3791 1027 3871 pietatis,
1063 3790 1205 3848 virtutem

303 3889 1204 3972 immmmmmmfflmmmmw

285 3981 366 4034 enim.
403 3978 436 4036 tt
457 3977 489 4030 ln
506 3977 549 4030 cd.
571 3977 641 4032 1521·
659 3981 687 4030 et
703 3973 781 4028 ion:
800 3973 990 4026 iustificantur.

354 4051 388 4120 ⁸)
408 4050 510 4104 Siraci.
530 4049 572 4104 10.
