3159 4792
496 483 610 574 sudu
628 517 926 588 saluamento.
1091 583 1099 595 ,
1135 512 1179 581 ee
1387 318 1391 567 i

284 703 384 771 dadae
400 705 585 783 Andsttem,
607 722 687 785 quse
707 711 760 766 tua
781 711 831 767 est
849 700 1027 766 columbine
1040 704 1180 784 sdeoque

283 786 442 871 tlreelegice
460 789 660 871 simplicitas,
683 807 741 851 nes
762 803 886 869 quoque
908 789 1026 868 optimo
1039 785 1070 866 1)
1093 806 1182 869 pree

281 871 331 931 suli
347 872 520 951 invidiosos,
543 873 599 933 tuti
621 872 697 952 orbi,
719 878 866 951 quantum
887 872 917 931 in
937 877 1036 949 tecet,
1056 885 1180 952 suspec
1390 920 1391 949 ,

282 960 321 1014 tes
339 955 417 1034 lucis,
438 974 499 1018 nes
519 956 710 1017 lutheranus
744 963 775 1016 et
795 955 877 1015 illius
893 973 1029 1017 errorum
1049 956 1181 1015 semiue
1390 956 1391 987 r

281 1044 351 1099 teres
369 1040 537 1121 appellens,
558 1040 620 1100 bec
641 1045 702 1116 est,
726 1046 778 1100 tuo
800 1038 926 1115 iudicio,
948 1037 1181 1099 haeresiarchae

281 1123 389 1199 pessimi
410 1123 623 1203 subsidiarios,
648 1123 811 1204 praesidis,
832 1122 949 1182 emices
972 1131 1002 1183 et
1022 1130 1181 1202 patronos,

281 1204 409 1286 velimus,
446 1207 580 1267 nolimus
613 1208 754 1286 cogimur
781 1205 836 1267 tibi
868 1204 1021 1265 ecclesiae
1049 1212 1180 1286 patrone

281 1294 306 1347 st
330 1290 470 1351 assertori
503 1288 696 1369 liliorumque
721 1287 795 1349 Levi
823 1287 986 1349 conflatori
1016 1298 1049 1349 et
1078 1306 1181 1349 emun-

280 1368 365 1433 datori
385 1372 572 1453 aliquantum
604 1374 688 1432 vitae
714 1378 839 1433 neenec
867 1372 1018 1432 rationem
1041 1371 1181 1451 reddere,

279 1454 388 1517 silorte
407 1456 491 1516 banc
511 1455 611 1517 labem
628 1455 806 1535 abstergere
828 1455 934 1516 liceat:
957 1456 985 1515 si
1007 1456 1129 1534 quidem
1149 1461 1183 1517 et

279 1543 304 1595 te
322 1537 444 1600 doctore
478 1538 644 1599 haereseos
666 1541 780 1599 crimen
803 1538 974 1618 malignius,
997 1556 1088 1617 quem
1111 1546 1144 1599 ut
1164 1556 1183 1599 e

278 1618 437 1683 (brictium
460 1622 612 1683 modestia
631 1623 784 1702 patienter
803 1622 960 1683 toleretur.

349 1704 512 1766 Possumus
532 1714 634 1767 autem
668 1710 756 1783 (nam
777 1722 836 1765 uec
857 1703 919 1764 hee
938 1703 1070 1765 induetis
1092 1722 1184 1785 nege

278 1793 330 1845 tum
351 1797 405 1869 est,
429 1790 481 1869 qui
503 1795 535 1849 et
554 1791 616 1849 suis
631 1806 852 1865 nonnunquam
875 1787 1026 1849 ferociunt
1047 1788 1179 1863 eculeis)

277 1872 406 1952 exemplo
430 1873 617 1933 strenuitatis
639 1881 711 1932 tuae
731 1870 915 1943 modestiam
936 1872 1101 1951 remittere,
1122 1882 1182 1937 stu·

277 1954 399 2015 machari
420 1963 452 2017 et
469 1956 563 2036 plane
584 1953 781 2033 debacchari,
817 1955 875 2015 uisi
902 1960 987 2015 tuum
1015 1955 1105 2017 nobis
1133 1975 1182 2019 ex-

277 2036 415 2114 ploratum
448 2038 530 2100 foret
559 2038 725 2119 ingenium.
768 2037 882 2099 lterum
904 2040 1041 2117 quaeris,
1075 2038 1183 2117 quibus

276 2120 396 2186 scabiem
410 2130 493 2182 tuam
506 2120 627 2183 offulces
635 2121 649 2159 ²
652 2136 679 2201 j,
693 2123 803 2182 iterum
817 2122 949 2200 quaeris,
965 2140 1043 2201 quos
1058 2112 1182 2203 iusigni-

276 2208 314 2261 ter
332 2192 509 2294 cisltpci),
532 2212 565 2265 ut
586 2205 741 2268 nemiuem
759 2223 824 2265 non
846 2205 1035 2284 contemptui
1058 2204 1183 2283 habeas,

276 2288 377 2350 nemini
389 2307 511 2369 pereas,
533 2288 647 2349 nullum
662 2306 725 2348 nou
747 2289 894 2365 lacessas,
917 2298 949 2350 ut
971 2306 1039 2347 cum
1054 2287 1184 2350 ismaele

275 2387 341 2429 unus
369 2390 531 2453 oppugnes
569 2390 684 2434 omnes.
737 2370 848 2431 Parum
884 2370 938 2433 tibi
967 2370 1086 2431 videtur
1115 2390 1183 2432 cum
1284 2438 1287 2443 ,

276 2450 362 2513 doctis
383 2474 493 2536 gerere
513 2454 637 2534 bellum,
659 2452 842 2529 indectcsi)
866 2454 1132 2534 etiamprcvocse,
1154 2462 1186 2516 et

277 2536 351 2614 qussi
372 2538 547 2599 confectum
584 2552 653 2598 cum
681 2536 934 2619 praeceptoribus
962 2538 1002 2597 sit
1022 2539 1183 2617 proelium,

276 2621 363 2680 saevis
396 2630 428 2681 et
459 2622 491 2681 in
525 2620 693 2701 discipulos
724 2627 756 2681 et
781 2621 812 2680 in
842 2626 1004 2702 patronos,
1042 2641 1081 2681 ne
1111 2622 1183 2700 quid

276 2700 373 2783 reliqui
394 2706 470 2782 siet,
493 2704 575 2784 quod
597 2723 658 2765 non
681 2704 822 2784 petentis
844 2702 959 2764 brachii
981 2704 1024 2763 tui
1046 2711 1184 2765 contera-

274 2790 322 2846 tur.
362 2787 502 2865 Deinde,
523 2786 575 2848 ubi
595 2788 646 2849 vel
667 2806 725 2847 nos
754 2788 998 2867 compescueris,
1021 2788 1069 2849 vel
1091 2788 1184 2850 etiem

275 2884 327 2928 non
348 2887 404 2952 pre
420 2870 568 2932 arbitratu
591 2881 644 2931 tue
657 2872 849 2949 successerit,
872 2876 1004 2930 caveant
1017 2870 1074 2931 sibi
1098 2878 1184 2953 typu-

274 2953 385 3032 grcphi,
408 2961 542 3015 caveant
562 2956 663 3035 prela,
692 2960 823 3013 caveant
845 2954 945 3013 vicine
967 2971 1123 3033 quaeque,
1145 2972 1185 3016 ne

273 3035 366 3115 iniquo
394 3038 495 3098 Marte
525 3045 628 3099 tecum
663 3037 826 3113 dimicent,
863 3032 964 3095 sdhuc
998 3054 1037 3095 ex
1068 3037 1185 3096 recenti

275 3124 367 3201 strage
388 3120 564 3182 furibunde.
608 3120 748 3181 Getemm
771 3118 862 3179 nobis
884 3118 1093 3179 innocentiam
1116 3134 1185 3179 can-

276 3199 434 3284 doremque
456 3211 595 3265 nestrum
616 3205 711 3274 tueri,
743 3219 834 3283 quem
858 3200 1092 3262 maledicentiae
1115 3209 1186 3263 tuce
1276 3210 1277 3215 ’

274 3288 464 3366 respondere,
487 3289 584 3369 magis
604 3288 726 3348 videtur
749 3286 1027 3367 operaepretium.

347 3371 502 3451 Principio
535 3374 645 3452 igitur,
683 3390 724 3431 ne
759 3368 947 3431 muliebriter
981 3373 1185 3449 conrixemur,

274 3466 334 3513 cum
352 3454 469 3515 infitias
489 3455 535 3515 ire
557 3472 619 3515 non
641 3462 741 3535 petes,
763 3461 812 3515 tet
833 3452 1069 3533 exemplaribus,
1092 3453 1210 3529 sdes„

275 3550 326 3612 que
345 3543 398 3599 tuo
421 3540 492 3618 ipso
512 3538 784 3615 connubentibus,
808 3536 885 3599 heec
905 3544 1013 3617 perte
1035 3538 1185 3617 epistolae

273 3617 386 3700 inserta,
409 3621 514 3701 prefer
532 3622 564 3681 in
577 3620 723 3699 medium,
744 3628 806 3700 qus
826 3622 947 3681 ratione
967 3621 997 3681 id
1020 3620 1185 3699 laedorias,

251 3874 253 3879 .
337 3831 367 3899 1)
389 3833 419 3887 lu
440 3829 483 3887 ed.
509 3831 596 3903 orig.:
621 3824 822 3902 pientissimo·
852 3834 881 3883 in
911 3831 952 3884 ed.
972 3831 1031 3885 Jen.
1051 3836 1078 3883 et
1097 3830 1182 3887 Witt:

276 3902 380 3967 optimc.
415 3900 446 3968 3)
466 3903 497 3957 ln
516 3904 644 3959 ediec:
665 3904 780 3956 altrices.
810 3871 842 3973 d)
866 3904 895 3955 ln
915 3902 1057 3973 ed.2orig.:
1078 3906 1186 3957 cecis·

275 3984 331 4040 sss,
348 3977 391 4027 cul
411 3977 480 4029 haec
499 3983 563 4029 nota
582 3975 742 4044 marginalis
760 3972 856 4027 eddite
875 3980 930 4029 est:
952 3970 1069 4035 clettam
1088 3980 1130 4027 cst
1147 3978 1186 4027 iu·

275 4042 334 4095 tusus
351 4052 379 4099 et
395 4049 563 4102 verberibus-
576 4049 695 4101 mdeste.
732 4047 766 4112 4)
785 4045 817 4100 ln
835 4046 958 4102 edium:
980 4048 1034 4099 niel
1049 4046 1185 4099 intumos.
