3159 4792
592 504 625 561 de
643 508 758 577 negotio
775 470 899 561 butheri.
945 520 948 543 ²

716 797 767 870 IV.

592 937 663 1017 deaii
674 938 720 1001 ad
737 936 888 1002 biduum.

364 1102 501 1164 Salutem
524 1103 557 1161 in
584 1102 735 1183 Domino,
770 1111 802 1163 et
822 1110 906 1163 reete
927 1106 958 1163 in
985 1104 1053 1165 lesu
1081 1124 1200 1185 sapere.

292 1184 371 1260 Quod
390 1185 547 1267 Lipeensis
569 1184 668 1245 studii
691 1187 747 1246 viri
768 1186 939 1247 doctissimi
968 1206 1045 1247 onus
1068 1207 1126 1247 nos
1149 1208 1200 1249 au·

291 1267 384 1329 diendi
404 1275 593 1347 recusarunt,
616 1275 682 1329 erat
703 1269 776 1329 mihi
787 1270 1007 1350 permolestum
1028 1288 1088 1331 neo
1108 1271 1200 1352 plane

289 1353 370 1431 seiri,
398 1352 471 1431 quid
495 1352 616 1412 oonsilii
638 1370 796 1432 caperem,
822 1359 978 1413 attamen
1001 1353 1200 1417 elementissi-

291 1454 349 1496 mus
370 1435 528 1515 Princeps,
550 1434 587 1497 D.
610 1434 793 1515 Georgius,¹
813 1434 968 1497 Senoniae
989 1437 1059 1497 Dux
1081 1445 1139 1497 eto.
1161 1436 1199 1499 ud

290 1519 461 1597 petitionem
494 1536 593 1577 meam
616 1519 678 1599 egit
699 1536 768 1578 oum
791 1518 899 1579 Studio
922 1539 993 1599 suo,
1022 1527 1055 1580 ut
1076 1520 1199 1581 tandem

288 1620 438 1661 assensum
461 1600 652 1681 praeberent,
676 1602 719 1662 uti
740 1602 801 1661 hoa
823 1601 873 1662 die
895 1602 997 1663 literas
1021 1610 1052 1663 et
1063 1603 1200 1664 illustris-

288 1684 348 1744 simi
364 1684 459 1744 Ducis
481 1684 735 1745 etUniversitatis
757 1684 972 1746 aoFaeultatis
994 1704 1085 1767 super
1109 1706 1147 1747 eu
1167 1706 1201 1748 re

288 1769 394 1849 aooepi.
441 1766 542 1843 Quare
572 1768 615 1827 eis
637 1766 762 1829 XXVII.
790 1766 873 1827 diem
903 1770 978 1828 lunii
1005 1771 1199 1850 praescripsi,

287 1868 341 1929 quo
366 1852 584 1933 Disputatione
615 1852 744 1933 primum
781 1856 884 1911 aebrm
916 1851 1115 1932 hebetemus,
1151 1852 1201 1914 die

287 1941 380 1995 autem
409 1934 523 1997 XXVI.
557 1934 639 2015 apud
661 1934 849 1995 Faaultatem
883 1934 1090 2016 theologicam
1129 1954 1200 1998 oon-

287 2019 469 2159 ppniremus,
497 2025 566 2077 uter
589 2025 728 2077 nostrum
766 2019 798 2077 in
840 2018 938 2098 primo
966 2037 1134 2101 congressu
1162 2021 1202 2080 sit

351 2119 460 2162 onens.

312 2120 348 2180 pp
361 2184 439 2245 Cum
461 2189 562 2243 eutem
575 2181 807 2245 carolostadius
830 2184 870 2243 sit
889 2192 1100 2265 propugnator
1122 2192 1200 2265 tuus,

286 2271 342 2326 tum
363 2286 440 2329 vero
462 2267 638 2347 prinoipalis
660 2268 786 2344 existes,
810 2267 862 2345 qui
883 2267 961 2327 haeo
978 2268 1124 2349 dogmate
1145 2288 1201 2349 per

287 2348 482 2411 Germaniam.
499 2351 672 2428 seminasti,
701 2369 781 2430 quae
804 2368 873 2411 meo
896 2370 991 2431 parvo
1012 2360 1042 2411 et
1063 2352 1137 2412 exiti
1158 2353 1200 2411 iu-

287 2432 358 2493 diaio
380 2434 461 2495 falsa
481 2440 513 2495 et
534 2452 664 2494 erronea
690 2442 855 2515 apparent:
887 2452 981 2513 quare
1003 2437 1149 2495 eonvenit
1171 2443 1202 2495 et

288 2520 313 2576 te
337 2517 410 2577 illue
439 2518 562 2595 venire,
600 2523 632 2577 et
660 2517 709 2576 vet
736 2526 790 2577 tua
820 2519 912 2595 tueri,
933 2517 982 2579 vet
1013 2524 1117 2581 uostm
1143 2520 1202 2579 im

288 2600 420 2678 probare.
489 2626 496 2662 t
680 2651 684 2661 .
1027 2626 1029 2635 ¹

360 2683 422 2745 Sed
446 2700 541 2762 quam
565 2681 687 2761 vellem,
708 2688 742 2743 ut
761 2682 845 2744 buno
865 2684 1000 2745 animum
1016 2684 1200 2767 deponeres,

286 2771 313 2825 et
331 2766 396 2828 aedi
418 2766 621 2846 Apostolioae
641 2772 672 2827 te
694 2785 750 2845 per
770 2768 874 2827 omnie
896 2768 1092 2830 obedientem
1114 2785 1199 2849 prae·
1249 2831 1256 2836 .

249 2873 253 2881 ·
287 2854 392 2928 stares,
427 2848 549 2909 audires
578 2849 713 2909 Leonem
735 2847 771 2910 X.
794 2850 948 2911 Vioarium
977 2852 1103 2930 Christi,
1138 2870 1201 2913 non

287 2948 444 3011 quaereres
466 2932 723 3013 singularitatem,
754 2932 809 2992 sed
832 2933 1107 2997 condescenderes
1120 2954 1201 2997 oom-

286 3017 363 3076 mnui
385 3017 555 3077 Doetorum
587 3016 776 3090 sententiae,
810 3022 925 3093 eertus,
958 3017 1040 3095 quod
1063 3017 1201 3077 Christus

287 3099 443 3159 eoelesiam
477 3117 563 3159 suam
596 3100 657 3160 iam
679 3097 910 3179 quadringentis
939 3102 1026 3159 annis
1050 3117 1113 3162 non
1135 3119 1201 3181 per·

286 3182 414 3244 misisset
435 3183 465 3243 in
485 3183 558 3244 istis¹
575 3178 638 3264 (uti
658 3190 690 3243 tu
714 3182 877 3257 divinaris)
901 3182 1084 3247 amoribus
1106 3183 1201 3245 Vides

287 3267 360 3325 enim
389 3286 432 3327 ex
452 3264 573 3330 Sebeda
594 3266 818 3347 Disputatoria,
852 3284 901 3327 me
921 3284 984 3330 aon
1012 3274 1073 3328 tam
1095 3274 1204 3329 eontra

288 3346 480 3425 Bodensteim
502 3367 593 3428 quam
616 3357 731 3419 eontra
744 3355 812 3411 tuas
840 3349 995 3411 doetrinae
1018 3354 1201 3433 propositio-

288 3449 337 3491 nes
357 3433 510 3514 posuisse.
554 3432 632 3492 Vale
653 3450 744 3513 ergo,
778 3434 819 3493 mi
840 3434 985 3511 Martiae,
1018 3443 1049 3495 et
1078 3450 1200 3497 oremus

289 3532 338 3592 pro
359 3518 502 3594 invicem,
524 3522 558 3575 ut
576 3515 792 3578 illuminemur.

364 3617 412 3677 Ex
435 3616 622 3697 ingolstedt,
644 3616 721 3678 XIX.
743 3616 908 3679 Februarii.

397 3732 400 3740 ’
466 3719 558 3778 Anno
581 3718 718 3798 Virginei
739 3725 842 3797 partus
864 3718 1021 3781 M.[).XIX.
