3159 4792
352 506 394 573 38
561 508 606 563 Ad
626 512 829 581 Aegocerotsru
848 510 1031 565 llmsarauum
1058 522 1061 527 ·

354 718 424 762 eum
447 696 556 759 duoem
579 698 733 778 appellat,
754 696 877 759 diosna:
908 697 955 759 Tu
987 716 1062 759 vero
1084 696 1179 757 homo
1201 714 1275 757 una·

354 782 445 844 nimis
468 780 530 841 dux
552 799 638 842 meus
660 789 692 841 et
713 787 806 843 notus
820 800 916 860 meus,
939 780 1021 861 quod
1044 779 1084 841 de
1105 779 1189 839 nullo
1202 798 1276 859 apo·

354 865 505 927 stolorum
527 864 610 926 dieit.
652 864 707 925 His
729 863 826 941 adde,
860 864 942 944 quod
975 863 1015 925 de
1044 862 1129 924 nullo
1151 867 1276 943 aposto-

356 949 456 1009 lorum
477 947 619 1010 scribitur
641 949 839 1027 episcopatus
862 948 1005 1027 dignitas,
1028 964 1119 1025 quam
1141 944 1278 1005 delude

356 1038 389 1092 et
409 1030 549 1110 Matthia,
572 1031 693 1092 dicente
704 1030 808 1106 Petro,
831 1030 921 1093 Aeto.
946 1035 979 1093 1:
1000 1030 1044 1090 Et
1063 1029 1276 1109 episeopatum

356 1116 421 1174 eius
443 1114 691 1193 aaoipiatalte13
713 1114 767 1175 sed
790 1121 822 1174 et
844 1114 919 1175 illud
941 1114 1044 1175 lohau.
1068 1116 1104 1177 6:
1128 1111 1214 1173 Unus
1237 1130 1277 1171 ex

355 1196 444 1258 vobis
467 1194 610 1257 diabolus
638 1204 701 1273 est3
734 1216 812 1257 unus
834 1196 956 1259 Ebraea
987 1197 1092 1277 lingua
1125 1193 1279 1275 signifieat

356 1281 482 1360 primus,
506 1279 583 1341 Gen.
609 1283 643 1342 1:
675 1281 802 1342 Factum
825 1287 873 1341 est
893 1298 984 1341 mane
1007 1286 1038 1340 et
1058 1282 1188 1358 vespere
1211 1276 1278 1337 dies

357 1382 445 1440 unus,
467 1369 498 1423 et
511 1362 617 1423 Matth.
641 1365 681 1428 28
703 1383 765 1423 una
785 1362 1015 1441 sabbathorum,
1038 1362 1147 1436 idest,
1167 1361 1277 1440 prima.

356 1446 388 1507 Si
411 1465 485 1526 ergo
510 1446 595 1507 solus
614 1447 674 1505 iste
697 1447 872 1526 episeopus,
895 1446 967 1523 dux,
989 1446 1120 1526 primus,
1143 1462 1278 1505 oecono-

357 1548 433 1607 mus,
455 1528 529 1607 quid
549 1535 654 1607 restat,
676 1530 735 1591 nisi
756 1548 827 1590 esse
848 1530 996 1590 vinarium
1018 1527 1151 1589 Christi?
1234 1586 1237 1594 ,

437 1612 597 1671 Addamus
614 1614 781 1673 rationem:
811 1614 887 1673 Fere
909 1631 1030 1692 semper
1053 1610 1101 1687 hi,
1125 1611 1177 1689 qui
1200 1611 1278 1669 oeoi·

356 1694 586 1769 derunterant
605 1696 704 1775 primo
727 1696 799 1755 loeo
822 1697 932 1776 positi,
953 1702 988 1757 ut
1008 1694 1142 1768 Lucifer,
1167 1692 1278 1770 Adam,

356 1778 444 1852 Cain,
465 1777 559 1857 Esau,
581 1778 703 1856 lsmael,
724 1778 845 1858 Ruben,
869 1778 968 1856 Onan,
991 1778 1080 1854 Saul,
1104 1776 1223 1853 Arnon,
1248 1783 1280 1835 et

358 1861 443 1921 multi
465 1860 626 1921 eiusmodi.
645 1920 648 1925 Α
669 1860 760 1935 Quod
782 1862 895 1930 factum
919 1870 976 1939 est,
999 1868 1032 1922 ut
1044 1859 1195 1941 superbos
1218 1865 1279 1919 ter·

355 1950 437 2004 reret
457 1944 540 2003 Deus
563 1950 594 2003 et
612 1944 746 2004 ‘humiles
768 1944 928 2009 exaltaret.
971 1943 1073 2018 Quare
1096 1949 1127 2003 et
1150 1942 1279 2012 ludasa

356 2027 454 2106 primo
476 2026 548 2087 loeo
572 2026 722 2087 eeoidisse
745 2027 874 2089 videtur.
917 2026 1007 2087 Unde
1029 2033 1060 2087 et
1081 2026 1215 2105 apostoli
1239 2023 1279 2084 de
1313 2096 1322 2105 ἢ

318 2133 320 2138 ·
357 2109 443 2170 nullo
467 2110 567 2170 minus
590 2109 833 2189 suspicabantur,
857 2109 939 2189 quod
951 2116 1034 2170 esset
1044 2108 1203 2169 Christum
1221 2114 1279 2167 tra·

356 2192 483 2270 diturus,
505 2194 577 2271 quia
599 2200 665 2253 erat
687 2213 775 2271 uuus,
797 2193 828 2253 id
850 2201 906 2272 est,
928 2193 1091 2273 singularia
1115 2198 1147 2251 et
1167 2191 1279 2271 prinoi-

356 2274 436 2355 palis
457 2275 496 2334 de
520 2275 692 2336 duodecim.

439 2357 544 2436 Vides,
565 2360 607 2419 mi
629 2358 747 2434 amsa,
768 2358 991 2438 supellectilem
1016 2376 1117 2418 meam
1140 2356 1279 2417 nondum

356 2447 453 2501 totam
476 2440 530 2501 tibi
552 2442 660 2517 visam,
683 2440 813 2501 ethaeo
834 2461 897 2503 non
911 2443 1060 2502 minorem
1073 2439 1187 2501 habere
1210 2459 1279 2519 spe-

357 2524 454 2600 eiem,
486 2543 578 2601 quam
612 2531 715 2584 vestra
749 2526 875 2604 optima.
920 2523 998 2599 Quid
1012 2530 1112 2603 ‘putas
1134 2522 1280 2600 fauorem,

355 2607 381 2665 si
402 2606 484 2665 siout
515 2625 572 2666 vos
611 2626 666 2686 per
698 2614 817 2687 petram
845 2608 1025 2687 primatum,
1062 2623 1118 2686 per
1149 2624 1279 2685 paseere

356 2687 576 2766 monarchiam,
599 2695 630 2749 et
642 2689 753 2749 similia
769 2708 848 2767 quae
858 2690 950 2751 vultis
963 2689 1145 2769 intelligite,
1167 2688 1277 2749 eodem

236 2807 246 2823 ι
356 2790 410 2830 ore
433 2770 605 2851 Soripturas
627 2773 739 2832 vellem
763 2772 955 2853 depravare?
984 2772 1113 2849 Quidlsi
1136 2791 1198 2838 vos
1215 2779 1280 2833 tam

246 2931 248 2936 Ι
356 2853 533 2914 verisimilia
552 2853 759 2915 habuissetis?

439 2936 500 2997 Sed
520 2938 678 3017 hucusque
700 2958 768 2999 eum
790 2938 906 2999 invidia
937 2945 969 2999 et
997 2937 1164 2999 adversarii
1193 2956 1278 2999 eom·

356 3021 455 3079 munis
479 3020 620 3081 maehina
642 3023 810 3101 egerimus,
833 3040 915 3082 nuno
936 3040 1031 3101 rogo,
1054 3039 1104 3081 me
1125 3020 1280 3101 patienter

348 3102 463 3173 ,audias
485 3123 541 3183 pro
577 3107 731 3165 communi
761 3110 868 3165 nostra
897 3104 1102 3183 professione.
1150 3104 1196 3165 De
1217 3104 1279 3165 Ro-

356 3188 454 3245 manis
476 3193 508 3245 et
527 3186 673 3247 Bohemis
689 3187 828 3250 ⁴fabulam
852 3188 985 3266 agimus,
1008 3187 1149 3261 obsecro,
1172 3188 1278 3267 posito

356 3269 512 3347 utriusque
541 3271 636 3347 partis
657 3268 758 3331 studio
781 3288 919 3349 agamus.
972 3270 1053 3331 Volo
1082 3266 1114 3331 et
1134 3289 1193 3351 ego
1216 3270 1278 3331 Ro·

355 3369 479 3411 manum
501 3349 679 3429 pontificem
701 3372 771 3413 esse
794 3354 924 3431 primum
948 3354 1103 3431 omnium,
1125 3363 1278 3435 atquem

354 3439 552 3493 revereantur
594 3453 721 3511 omnes,
765 3435 840 3495 nolo
884 3435 1091 3497 Bohemorum
1134 3435 1277 3497 schisma.

354 3516 469 3577 Verum
492 3536 561 3577 esse
582 3517 756 3577 Romanum
785 3517 964 3598 pontifieem
996 3520 1062 3581 iure
1090 3517 1194 3579 divino
1229 3538 1278 3579 su·

354 3601 507 3680 perierem
530 3599 615 3659 nulla
636 3602 756 3663 ratione
778 3600 919 3680 oredam,
955 3621 1014 3663 neo
1047 3620 1180 3681 unquam
1205 3618 1279 3663 oon-

354 3681 482 3760 fitebor3
516 3683 563 3743 vis
585 3685 664 3745 seire
686 3704 746 3764 qua
768 3685 883 3745 eausa?
904 3685 996 3746 Audi.
1038 3684 1192 3745 Amultis
1215 3684 1278 3745 iam

355 3767 444 3827 annis
464 3765 497 3825 id
518 3768 688 3845 quaesitum
718 3775 767 3829 est
794 3783 850 3849 per
870 3768 1029 3829 Romanos
1060 3766 1279 3848 pontifioeset

356 3847 533 3909 adulatores
556 3869 673 3929 eorum,
695 3859 729 3910 ut
750 3857 857 3915 esseut
876 3852 942 3911 iure
964 3851 1068 3913 divino
1091 3870 1184 3931 supra
1205 3868 1278 3911 oon-

355 3930 478 4007 eilium,
511 3939 543 3993 et
574 3952 666 4013 super
697 3952 805 3995 omnes
834 3934 865 3994 in
899 3939 966 3995 tota
1000 3933 1150 4011 eeclesia,
1185 3952 1280 4013 super

353 4015 453 4094 ipsam
477 4034 602 4096 quoque
624 4016 830 4084 universalem
848 4016 1021 4099 eoelesiam.
1065 4015 1156 4098 Quid,
1177 4020 1279 4099 putas,
