3159 4792
543 537 630 591 aspar
646 525 851 593 expurgatione
869 524 1000 587 mana.
1167 610 1170 613 Ι
1186 522 1226 589 51

282 706 545 791 ,disputationem
556 708 765 791 draologioam
804 712 963 773 raeeertirn
986 710 1083 771 talem
1103 726 1141 767 ao
1163 715 1230 771 tan·

306 797 367 851 tam
389 797 588 856 mererentur.
632 792 752 856 suffieit
793 813 952 865 asumma
974 796 1134 862 internos
1156 810 1229 857 oou-

305 867 444 950 venisae,
476 874 603 936 liberum
633 876 802 953 arbitrium⁴
818 878 932 949 bouum
956 876 1023 939 Deo
1052 882 1083 941 et
1111 876 1228 955 gratiae

305 957 362 1019 soli
384 956 506 1034 deberi,
528 960 595 1024 siue
617 978 679 1039 qua
697 980 763 1021 uon
783 963 883 1041 possit
904 962 961 1024 nisi
983 977 1124 1041 peooars.

386 1039 518 1114 Quando
546 1050 649 1105 autem
679 1049 712 1102 tu
733 1064 832 1124 negas
859 1045 925 1121 illa,
960 1062 1040 1122 quas
1066 1040 1167 1121 intuli,
1197 1047 1229 1107 et

303 1123 465 1187 mendaoia
484 1128 607 1205 asseris,
630 1125 692 1192 duo
713 1129 830 1207 cogito,
853 1135 905 1189 aut
927 1126 1100 1192 tesnbdole
1123 1125 1227 1189 omnia

302 1206 424 1287 Lipsiae
445 1209 562 1288 egisse,
594 1217 624 1271 et
647 1208 873 1274 odiosissimum
897 1211 1105 1280 simulatorem
1133 1209 1227 1269 fuisse

301 1291 331 1351 in
353 1292 492 1351 veritatis
514 1294 697 1372 perniciem,
734 1302 787 1354 aut
820 1302 851 1356 te
882 1313 952 1355 ease
985 1295 1095 1373 quovis
1118 1300 1225 1353 munao

300 1373 511 1453 stupidiorem.
555 1376 657 1455 Atque
686 1377 737 1441 hia
771 1378 852 1439 forte
881 1379 939 1439 erit
965 1376 1076 1458 dignus
1104 1375 1226 1437 viudioe

299 1458 410 1518 nodus.
454 1457 614 1537 Stupidum
636 1467 668 1521 te
689 1459 763 1524 uolo
787 1460 904 1539 dioere,
934 1462 985 1540 qui
1013 1466 1130 1526 tautum
1153 1456 1226 1521 mihi

299 1542 374 1604 satia
403 1540 538 1603 crederis
566 1542 681 1603 habere
701 1545 868 1621 acuminis,
906 1553 939 1605 ut
967 1551 1126 1623 peecatum
1144 1561 1224 1601 eum

298 1625 398 1769 gretip
419 1624 597 1685 immediato
619 1634 758 1707 pugnare
779 1627 951 1708 intelligas,
973 1628 1053 1696 sieut
1073 1626 1172 1690 lueam
1192 1631 1228 1685 at

297 1717 372 1771 toue
394 1725 456 1767 raa.
577 1771 581 1781 ι
1112 1780 1115 1788 ¹

383 1790 546 1869 Reliquum
558 1799 615 1870 ast,
636 1800 667 1853 te
683 1812 738 1871 por
752 1799 925 1872 peoaatnm,
947 1791 1072 1870 malum,
1085 1792 1225 1869 iniquita-

296 1881 359 1934 tem
373 1873 504 1934 eubdole
514 1874 705 1937 intellexisse
723 1895 825 1955 neque
846 1884 1017 1957 pensatum,
1039 1894 1142 1958 neque
1163 1893 1226 1955 ma-

296 1957 371 2034 lum,
395 1976 496 2036 neque
505 1958 706 2036 iniquitatem,
717 1959 800 2041 quod
814 1959 908 2022 verba
922 1965 1045 2035 sonant,
1069 1957 1124 2023 sed
1141 1957 1225 2037 quod

295 2048 327 2100 tu
338 2039 468 2121 finxisti,
482 2040 511 2101 id
526 2048 581 2118 est,
591 2059 652 2104 non
667 2044 865 2119 meritorium,
878 2062 992 2103 novum
1005 2042 1122 2106 scilieet
1134 2060 1224 2106 voea-

295 2123 412 2201 bulum,
426 2129 519 2203 atque
534 2124 737 2204 Augustinum
754 2126 989 2194 etAmbroaium
1004 2125 1167 2188 Garlstadii
1179 2126 1224 2199 aio

294 2208 474 2287 aoaepisse:
491 2207 632 2269 liberum
647 2208 804 2272 arbitrium
820 2218 891 2270 ante
906 2209 1036 2289 gratiam
1053 2228 1117 2269 non
1131 2206 1223 2276 valet,

293 2292 354 2353 nisi
378 2290 419 2361 ad
441 2290 643 2370 pensandum,
663 2291 696 2353 id
718 2302 775 2369 est,
800 2292 837 2353 ad
861 2311 924 2353 non
949 2292 1138 2353 merendum.
1182 2290 1223 2351 Et

293 2374 426 2435 liberum
448 2372 605 2436 arbitrium
629 2378 715 2435 tanto
737 2378 826 2437 eitius
848 2376 1036 2455 propinquat
1057 2375 1221 2456 iniquitati,

293 2457 323 2519 id
356 2464 422 2536 est,
462 2476 525 2518 uon
558 2459 731 2537 meritorio,
763 2466 878 2539 quanto
911 2458 1018 2519 fortius
1055 2456 1223 2520 intenderit

293 2542 423 2603 actioni.
464 2540 540 2616 Nisi,
562 2542 702 2620 inquam,
730 2544 773 2604 ita
790 2543 926 2622 aooipias
948 2548 1129 2621 peceatum,
1160 2558 1221 2604 ma-

292 2623 375 2703 lum,
397 2625 604 2703 iniquitatem,
625 2644 688 2687 non
712 2624 842 2707 effugies
862 2645 913 2705 ea,
936 2627 1066 2705 quaein
1089 2623 1222 2705 epistola

292 2726 365 2769 mea
389 2708 507 2787 scripsi.
549 2708 655 2769 inveni
676 2710 885 2789 cogitationes
908 2717 985 2786 tuas,
1007 2708 1104 2769 Eooi?
1141 2706 1221 2782 Quid

291 2792 323 2850 ni
353 2791 546 2869 invenirem,
585 2810 653 2851 oum
689 2793 720 2853 in
750 2793 809 2853 hae
837 2793 1062 2873 expurgatione
1091 2798 1122 2872 tu
1153 2793 1221 2871 ipae

291 2872 452 2935 voeabula
482 2875 542 2935 ists
567 2875 612 2935 sio
638 2876 863 2955 interpreteris,
899 2894 954 2955 per
989 2895 1067 2953 quae
1089 2872 1220 2954 Lipsiae,

293 2955 345 3015 ubi
371 2957 510 3016 sincerus
534 2962 567 3016 et
586 2966 711 3037 apertus
733 2962 895 3019 veritatem
918 2958 1104 3037 quaerebas,
1127 2958 1222 3036 louge

291 3039 378 3103 alind
402 3040 524 3101 oooults
544 3041 675 3122 intelligi
697 3042 824 3105 volebas
848 3050 878 3103 et
899 3041 1030 3113 sinebas.

379 3122 462 3183 Audi
482 3142 574 3203 ergo,
603 3126 788 3190 amicissime
812 3126 946 3187 veritatis
969 3130 1067 3202 tutor,
1096 3121 1147 3194 ubi
1168 3141 1221 3187 un·

291 3225 389 3285 quam
412 3206 531 3285 legisti,
564 3216 744 3287 peecatum,
777 3210 906 3286 malurn,
939 3207 1131 3285 iniquitatem
1162 3224 1218 3285 pro

290 3308 356 3350 non
381 3291 538 3351 meritorio
561 3292 675 3371 aeoipi,
697 3291 757 3355 nisi
779 3294 811 3353 in
834 3294 893 3353 tuis
916 3290 1089 3371 Pelagianis
1112 3290 1219 3356 errori-

290 3371 348 3433 bus
373 3371 611 3455 Soripturaeqne
633 3374 928 3456 depravationibus?
962 3372 1030 3449 Qua
1052 3373 1216 3454 Scriptum,

290 3474 355 3534 qua
366 3457 497 3517 ‹ratione
510 3457 636 3519 niteris?
658 3458 767 3537 quibus
781 3459 895 3521 viribus
909 3458 1065 3536 defendes,
1087 3477 1127 3519 ne
1148 3456 1219 3526 hae

289 3540 408 3609 retiam
434 3537 496 3600 hoo
523 3538 757 3621 significationis
787 3543 853 3603 iure
881 3540 974 3602 treme
996 3548 1090 3622 neget
1110 3558 1218 3620 penea-

289 3629 356 3683 bun
388 3623 418 3683 in
441 3621 605 3703 seripturis
638 3626 805 3703 contineri,
846 3624 901 3685 sed
931 3626 1035 3685 omnia
1065 3642 1134 3685 ease
1155 3642 1217 3697 uon

291 3706 453 3768 meritoria
480 3706 668 3768 contendat?
704 3707 825 3768 Sicoine
844 3707 946 3769 illudis
970 3707 1064 3769 verba
1085 3705 1218 3784 Petrum,

289 3806 375 3868 quae
408 3789 500 3851 etiam
531 3788 707 3870 scripturae
742 3792 827 3855 soles
856 3790 1030 3870 praeferre?
1070 3790 1134 3856 Ista
1171 3799 1219 3854 est

290 3872 445 3951 medulla,
475 3891 565 3952 quarn
589 3892 638 3933 me
659 3874 689 3933 in
713 3874 801 3935 diotis
824 3874 946 3934 Petrum
969 3874 1066 3933 iaotas
1088 3892 1151 3934 non
1175 3873 1217 3931 vi-

289 3952 388 4017 dere?
421 3955 472 4017 sia
494 3955 625 4017 didieisti
647 3976 710 4037 prox
726 3959 855 4018 veritate
878 3956 1049 4038 disputare,
1079 3964 1113 4017 ut
1135 3956 1215 4016 aliud

290 4056 397 4098 eoram
419 4038 594 4101 hominibus
616 4040 753 4120 loquaris
775 4048 807 4101 et
827 4039 909 4101 aliud
932 4058 1026 4119 penes
1059 4046 1089 4101 te
1109 4038 1217 4114 intelli-

896 4120 901 4139 .
957 4122 1004 4183 4,
