3159 4792
322 464 388 535 4⁷4
631 468 793 541 unwano
811 470 842 525 n.
860 470 897 526 tl.
913 470 947 527 1.

408 655 438 721 2.
459 652 575 719 Harum
597 675 799 737 pomonamm
819 656 978 737 qmbbet
997 661 1142 719 tomaest
1151 656 1252 735 Dens,

327 743 416 799 extra
436 756 527 818 quam
549 738 650 801 nullus
671 747 719 802 eat
739 740 818 802 alius
841 740 935 802 Deus.

407 824 436 887 3.
459 820 526 887 nso
547 826 650 885 minen
672 823 732 888 dici
756 831 871 905 potest,
893 822 1064 904 quemlibet
1078 840 1247 903 personam

327 904 426 968 solam
449 922 519 967 esee
540 906 650 970 neum.

406 990 436 1051 l.
463 988 531 1052 Hoc
553 991 634 1050 enim
656 989 738 1052 idem
761 998 844 1052 esset
864 990 984 1069 dicere,
1007 990 1105 1051 Deum
1128 988 1248 1050 nullum

324 1087 404 1149 uae,
424 1072 652 1151 aum-,qualibet
673 1093 808 1155 persona
829 1074 958 1137 exclusa
969 1079 1054 1135 totns
1067 1073 1247 1133 Deuaesset

326 1154 479 1230 uoluens,
501 1161 534 1217 et
554 1156 709 1237 quaelibet
730 1170 863 1239 persona
885 1163 970 1219 asset
988 1156 1127 1221 saclusa.

408 1265 437 1325 5.
468 1260 526 1321 Hic
557 1264 638 1323 enim
667 1265 745 1325 ratio
774 1270 920 1347 conupta
940 1262 1082 1345 originali
1115 1268 1247 1342 peccato

326 1344 527 1425 captivanda,
549 1346 613 1407 imo
634 1346 860 1427 exstinguenda
881 1352 932 1406 cst
953 1363 1022 1406 oum
1045 1363 1103 1405 sua
1124 1344 1193 1405 luce
1214 1349 1247 1404 et

326 1428 477 1511 sapientia
498 1429 530 1489 in
553 1428 735 1510 obsequium
758 1430 841 1491 fidei.

407 1513 437 1575 6.
467 1511 559 1572 Aliud
592 1520 655 1573 est
670 1512 786 1574 dicere:
829 1507 900 1575 Una
929 1526 1064 1594 persona
1092 1518 1143 1571 est
1162 1516 1245 1571 totus

325 1593 419 1673 Deus,
442 1601 473 1655 et
493 1612 554 1655 una
575 1614 710 1677 persona
732 1596 801 1658 sola
822 1605 871 1657 est
892 1614 970 1657 unns
993 1596 1087 1657 Deus.

407 1701 437 1765 7.
462 1697 628 1776 Quomodo
652 1709 753 1763 nutem
776 1696 982 1800 distinguatur
1002 1718 1137 1785 persona
1158 1718 1177 1760 a
1199 1698 1245 1759 di·

324 1782 451 1845 vinitate
473 1785 552 1865 ipsa,
575 1804 638 1845 non
661 1793 708 1846 est
729 1786 856 1847 rationis
879 1788 1049 1869 inquirere,
1072 1798 1131 1845 nec
1152 1800 1245 1863 ange·

326 1865 363 1927 lis
386 1886 454 1928 com
479 1868 673 1931 rebansibile.

407 1950 435 2015 8.
456 1886 524 2013 1ωο
547 1952 753 2033 periculosum
776 1958 808 2013 et
830 1949 1001 2013 cavendnm
1017 1943 1128 2029 estlbi,
1150 1945 1244 2008 ullam

325 2052 394 2094 esse
416 2036 516 2115 putari
538 2034 775 2115 distinctionem,
798 2055 867 2096 oum
890 2036 930 2096 sit
943 2032 1099 2117 quaelibet
1109 2047 1245 2113 persona

325 2114 498 2197 ipsissimus
516 2125 547 2179 et
568 2122 650 2181 totus
674 2118 768 2184 Deus.
882 2122 886 2133 '

408 2202 436 2264 9.
469 2200 652 2265 Fmstranea
674 2209 721 2263 cst
742 2202 892 2283 cogitatio
926 2207 958 2261 et
985 2195 1071 2259 nihili
1102 2196 1186 2260 Secti
1215 2200 1246 2256 et

325 2281 478 2363 similium,
501 2286 550 2365 qui
573 2285 733 2347 formalem
756 2286 807 2347 vel
829 2285 921 2345 aliam
944 2280 1174 2345 distinctionem
1195 2278 1246 2340 hio

214 2416 221 2431 .
325 2364 488 2428 finxerunt.

390 2452 438 2517 10.
460 2448 610 2511 Nesciunt
631 2451 704 2531 quid
727 2450 892 2531 loquantur
913 2450 964 2511 vel
987 2446 1151 2524 affirment,
1172 2442 1243 2504 dum

326 2529 438 2675 felibus
472 2532 642 2614 sapientiae
670 2534 844 2616 pharmacis
871 2535 1023 2595 rationem
1056 2532 1163 2591 iuvare
1193 2546 1246 2588 vo·

340 2635 436 2762 un11.
460 2694 537 2759 Nam
564 2704 717 2781 utcunque
740 2702 800 2761 ista
821 2698 974 2761 subtiliter
996 2694 1057 2757 dici
1071 2695 1244 2772 videantur,

325 2782 403 2843 ratio
428 2787 531 2844 tamen
555 2804 616 2845 non
641 2786 724 2865 capit
745 2784 975 2845 distinctionem
996 2779 1160 2841 formalem
1176 2795 1245 2838 esse

326 2865 428 2945 aliam,
455 2885 545 2945 quom
567 2867 681 2929 realem
706 2887 761 2929 seu
783 2866 991 2932 essentialem.

390 2968 437 3030 12.
469 2966 549 3043 Quia
569 2966 647 3028 ratio
670 2987 734 3028 non
758 2967 857 3047 capit,
889 2985 980 3027 unam
1001 2982 1067 3025 rem
1088 2960 1246 3023 indiatlnc

325 3054 390 3112 tam
414 3068 483 3113 esse
505 3056 575 3116 tres,
589 3070 638 3113 res
662 3050 846 3130 distinctus.¹

390 3134 438 3199 13.
461 3131 665 3198 Excludenda
687 3140 734 3195 est
756 3135 849 3217 igitur
872 3130 1108 3207 mathematica,
1130 3135 1161 3188 et
1183 3146 1247 3190 om-

326 3214 373 3282 nis
407 3216 500 3295 totius
529 3223 688 3282 creaturae
719 3216 876 3299 cogitatio¹
895 3216 927 3280 iu
956 3210 1111 3277 credenda
1140 3209 1247 3272 divini·

328 3304 401 3360 tate.
838 3354 842 3366 ,
951 3342 956 3351 ,

390 3382 438 3444 14.
468 3380 615 3457 Quamvis
649 3402 711 3443 non
740 3383 839 3444 minus
873 3377 1064 3460 impossibile
1098 3375 1247 3453 videatur,

325 3465 405 3526 inter
430 3464 486 3525 has
523 3472 584 3526 tres
605 3484 654 3526 res
676 3466 766 3526 unius
796 3464 944 3546 simplicis
971 3461 1125 3523 essentiae
1155 3477 1247 3519 unam

327 3549 393 3609 sinc
415 3547 476 3608 alia
497 3548 609 3609 sectam
632 3549 798 3611 hominem.

390 3634 438 3695 15.
468 3631 549 3692 Vere
572 3638 674 3693 tamen
704 3630 925 3711 impossibilius
951 3634 1014 3706 est,
1046 3644 1138 3685 unam
1171 3622 1247 3683 indi·

327 3715 469 3774 stinctam
491 3730 555 3775 rem
578 3732 647 3776 ease
670 3722 730 3775 tres
753 3734 802 3775 res
824 3710 1080 3773 distinctissims.

393 3817 440 3877 16.
472 3812 605 3876 Credere
635 3813 727 3896 igitur
748 3814 858 3875 Filium
880 3812 938 3872 Dei
961 3826 1031 3871 esse
1051 3808 1167 3869 iactum
1195 3807 1248 3868 bo·

329 3898 453 3974 minem,
477 3898 576 3959 minus
599 3905 655 3976 est,
679 3916 770 3977 quam
795 3895 931 3974 credere,
952 3895 1053 3979 ipsum
1076 3910 1146 3953 esse
1167 3890 1249 3950 Patri

330 3985 362 4040 ct
384 3978 510 4060 Spiritui
533 3987 641 4045 sancto
662 3976 968 4043 consubstantialem.
