3159 4792
573 510 607 564 de
623 508 750 565 libertate
768 509 933 564 Christiana
1143 508 1204 574 221

282 694 359 756 bane
372 693 506 774 ‘habeat
526 693 654 756 liberum
677 701 708 756 et
729 693 876 778 vivaxl),
898 694 984 773 edat,
1006 694 1099 772 bibat,
1121 702 1204 776 agat

282 798 341 858 que
364 785 398 839 ut
419 778 556 857 libuerit,
584 798 654 838 cum
675 780 713 839 iis
733 778 830 840 rebus·
846 778 978 840 floreant
1005 779 1098 840 etiam
1120 780 1206 859 impi-

280 863 379 922 issimi
411 863 546 922 omnium
570 862 719 922 scelerum
738 863 836 922 servi?
863 863 995 940 Rursus,
1025 862 1098 942 quid
1120 861 1203 923 obfu-

280 947 338 1007 erit
358 946 483 1006 animae
505 946 587 1006 mala
609 946 771 1023 valetudo,
806 953 858 1006 aut
879 947 1056 1026 captivitas,
1088 953 1142 1006 aut
1162 946 1203 1006 fa·

280 1047 356 1107 mee,
378 1035 433 1089 aut
453 1029 537 1108 sitis,
559 1037 612 1089 aut
632 1029 763 1108 quodvis
784 1028 1016 1089 incommodum
1034 1035 1203 1105 externum,

281 1131 350 1173 cum
373 1113 410 1170 iis
431 1111 523 1174 rebus
544 1120 695 1172 vexentur
716 1114 809 1172 etiam
832 1113 961 1192 piissimi
981 1130 1204 1192 puraquecon-

280 1196 412 1255 scientia
432 1194 597 1256 liberrimi?
631 1195 745 1255 Neutra
777 1195 885 1255 harum
922 1214 1023 1254 rerum
1058 1196 1204 1276 pertingit

281 1278 319 1338 ad
341 1279 467 1337 animae
487 1279 553 1338 sive
573 1277 746 1340 libertatem
768 1280 835 1338 sive
858 1279 1043 1338 servitutem,

363 1361 411 1421 lta
443 1361 517 1421 nihil
549 1362 710 1440 profuerit,
741 1363 767 1420 si
800 1379 910 1441 corpus
938 1363 1032 1422 sacris
1066 1361 1202 1422 vestibus

280 1463 369 1506 mure
390 1462 547 1504 sacrorum
579 1453 717 1524 ornetur,
749 1453 804 1504 aut
825 1444 901 1504 locis
930 1445 1024 1504 sacris
1055 1451 1203 1523 versetur,

280 1534 334 1588 aut
355 1525 466 1587 officiis
488 1528 582 1588 sacris
605 1535 788 1608 occupetur,
811 1534 863 1587 aut
885 1536 961 1605 oret,
982 1528 1113 1605 ieiunet,
1135 1528 1202 1587 abs·

280 1613 378 1670 tineat
400 1612 491 1671 certis
513 1610 605 1689 cibis,
640 1619 671 1670 et
691 1611 785 1671 faciat
805 1629 901 1690 opus,
923 1610 1128 1689 quodcunque
1150 1630 1205 1691 per

281 1713 395 1774 corpus
422 1701 453 1753 et
483 1694 516 1753 in
545 1712 675 1774 corpore
706 1693 772 1754 lieri
794 1700 906 1773 potest.
951 1693 1058 1774 Longe
1090 1694 1150 1755 alia
1171 1713 1204 1752 re

281 1796 360 1857 opus
383 1778 441 1837 orit
476 1777 517 1836 ad
537 1778 683 1837 iustitiam
711 1783 742 1837 et
763 1777 935 1838 libertatem
965 1778 1101 1854 animae,
1134 1795 1203 1836 cum

280 1879 328 1938 ea,
351 1878 434 1939 quae
456 1859 639 1937 dictasunt,
667 1861 734 1941 geri
769 1860 891 1940 possint
917 1878 951 1918 a·
965 1861 1074 1938 quovis
1097 1860 1202 1942 impio,

281 1963 339 2004 nee
360 1943 409 2002 his
419 1941 452 2024 ²)
478 1942 585 2003 studiis
606 1943 656 2002 alii
680 1962 772 2022 quam
794 1943 977 2023 hypocritae
999 1941 1142 2003 evadant.
1176 1942 1202 2001 ll

282 2026 408 2087 diverso
431 2027 506 2086 nihil
527 2026 627 2087 oberit
648 2028 782 2105 animae,
804 2028 830 2086 si
843 2027 1114 2122 corpusvpstiatur
1134 2044 1204 2106 pro·
1243 2072 1247 2094 .

277 2110 368 2188 fanis,
390 2117 531 2170 versetur
551 2109 628 2169 locis
649 2109 796 2190 profanis,
819 2108 908 2187 edat,
931 2108 1015 2170 bibat
1036 2109 1203 2169 communi-

277 2199 338 2271 ter,
373 2211 436 2252 non
460 2201 527 2252 oret
548 2211 643 2270 voce,
677 2194 860 2272 amittatque
891 2194 1012 2271 omnia,
1046 2211 1125 2270 quae
1148 2211 1204 2271 per

276 2276 456 2356 hypocritas
478 2276 615 2356 superius
638 2275 720 2335 dicta
740 2274 806 2335 lieri
828 2280 979 2355 poterunt.

360 2358 403 2418 Et
424 2366 458 2418 ut
485 2361 590 2419 omnia
616 2360 803 2436 reiiciamus,
839 2360 931 2448 etipm
965 2357 1202 2438 speculationes,

279 2442 512 2523 meditationes,
545 2449 577 2502 et
609 2442 755 2522 quidquid
786 2461 842 2522 per
869 2443 992 2502 animae
1015 2440 1116 2502 studia
1138 2443 1204 2522 geri

279 2532 401 2605 potest,
424 2524 499 2584 nihil
520 2526 665 2606 prodest,
699 2544 760 2585 una
780 2545 824 2604 re,
847 2543 945 2605 eaque
966 2525 1035 2586 sola
1056 2543 1133 2604 opus
1156 2531 1204 2584 est

279 2609 452 2688 advitam,
480 2610 640 2688 iustitiam,
663 2615 694 2669 et
714 2609 888 2670 libertatem
911 2609 1130 2684 Christianam,
1166 2627 1204 2668 ea

280 2699 326 2752 est
355 2699 587 2753 sacrosanctum
612 2693 738 2752 verbum
760 2692 833 2770 Dei,
862 2692 1056 2772 evangelium
1080 2691 1202 2769 Christi,

280 2777 358 2835 sicut
381 2775 456 2835 dicit
474 2775 581 2838 lohan.
607 2780 659 2838 11:
689 2776 758 2856 Ego
781 2795 849 2835 sum
871 2777 1054 2836 resurrectio
1077 2783 1109 2834 et
1129 2776 1202 2852 vita,

281 2860 330 2937 qui
353 2858 453 2918 credit
473 2860 504 2918 in
526 2878 589 2938 me,
617 2879 680 2919 uon
702 2859 850 2919 morietur
869 2860 901 2918 iu
924 2865 1099 2935 aetemum3
1128 2859 1202 2918 item

280 2943 315 3006 8:
336 2941 380 3021 ¹Si
400 2941 495 3001 Filius
518 2961 575 3003 vos
598 2942 788 3020 liberaverit,
812 2959 884 3002 vere
913 2940 1000 3002 liberi
1028 2942 1129 3016 eritis,
1171 2947 1202 2999 et

279 3025 386 3086 llatth.
408 3027 444 3086 4:
466 3024 537 3084 Non
558 3026 591 3085 in
605 3025 674 3086 solo
686 3045 768 3105 pane
778 3026 855 3085 vivit
867 3024 970 3099 homo,
994 3022 1048 3083 sed
1065 3025 1096 3081 in
1118 3023 1202 3082 omni

281 3111 387 3186 verbo,
408 3107 492 3187 quod
514 3108 654 3188 procedit
674 3109 713 3168 ab
735 3128 790 3170 ore
813 3109 879 3168 Dei.

364 3193 489 3252 Certum
519 3211 593 3273 ergo
628 3191 796 3252 habeamus
828 3210 865 3252 ac
900 3189 1025 3250 firmiter
1059 3187 1202 3269 positum,

282 3278 415 3336 animam
437 3293 532 3355 posse
546 3277 689 3338 omnibus
710 3275 801 3337 rebus
814 3293 930 3353 carere,
953 3279 1085 3352 excepto
1108 3269 1203 3331 verbo

281 3360 346 3433 Dei,
369 3360 522 3437 sineque
544 3358 635 3419 nullis
657 3378 782 3438 prorsus
794 3360 885 3420 rebus
907 3363 955 3417 est
964 3357 1007 3417 illi
1020 3355 1202 3417 consultum.

281 3442 406 3504 liabens
429 3450 530 3501 autem
568 3443 694 3502 verbum
734 3442 820 3506 dives
854 3451 916 3519 est,
953 3441 1066 3500 nullius
1098 3457 1203 3519 egens,

281 3545 351 3586 cum
362 3528 403 3586 sit
414 3525 539 3586 verbum
551 3527 642 3603 vitae,
666 3526 812 3606 veritatis,
833 3525 921 3604 lucis,
942 3525 1038 3603 pacis,
1060 3523 1203 3599 iustitiae,

281 3611 400 3688 salutis,
412 3609 526 3690 gaudii,
548 3609 706 3687 libertatis,
728 3611 909 3690 sapientiae,
927 3609 1055 3684 virtutis,
1077 3605 1203 3684 gratiae,

281 3697 416 3776 gloriae,
446 3703 478 3756 et
509 3696 610 3756 omnis
637 3696 711 3756 boni
743 3692 1016 3755 inaestimabiliter.
1057 3689 1127 3748 Hoc
1147 3693 1205 3766 est,

355 3970 387 4029 1)
409 3969 439 4019 ln
458 3966 502 4020 ed.
523 3959 719 4019 1521ethn.
740 3956 879 4011 additum:
900 3956 944 4007 sit.
964 3950 997 4020 2)
1018 3949 1047 4003 lo
1067 3949 1111 4002 ed.
1131 3950 1202 4016 orig.

352 4041 397 4094 hic
414 4040 530 4108 aliisque
547 4035 635 4089 locis:
654 4033 721 4099 hiia3
739 4033 768 4083 in
788 4029 832 4083 ed.
855 4027 918 4082 1521
940 4025 985 4076 hic
1007 4021 1121 4092 legitur:
1140 4023 1186 4072 iis.
