3159 4792
374 517 417 584 u
585 519 674 590 Epist.
693 523 800 591 sairam
819 523 1065 592 proeteritorum

376 712 483 785 erepat
504 705 554 781 (id
576 712 679 767 autem
700 706 817 767 homini
832 707 934 767 motis
956 708 1024 784 cst)
1053 725 1123 768 sese
1145 706 1291 767 adversus

376 787 651 869 commoturum
665 789 798 869 hipsiw,
818 796 929 870 et'ago
950 788 983 849 id
1001 790 1126 851 nemine
1148 796 1202 850 tuo
1223 809 1291 851 eum

376 873 448 951 ipsc
469 878 631 933 horterum
655 872 830 953 Augustae,
860 874 885 931 si
907 873 1107 951 qua'ratione
1133 874 1292 934 'contentio

375 960 478 1015 vosne
506 975 609 1016 coram
640 962 671 1015 et
701 957 801 1016 amica
835 956 1036 1036 familiarique
1073 958 1294 1037 congressione

375 1045 628 1117 componeretur,
644 1039 740 1118 ‘quod
767 1058 827 1099 nec
852 1044 887 1098 tu
919 1058 975 1118 pro
998 1046 1051 1099 tua
1072 1037 1221 1120 dignitate
1244 1038 1294 1099 de·

375 1123 540 1186 tractastis
556 1121 610 1182 sod
638 1140 714 1182 eece
733 1122 845 1199 homo,
874 1122 1001 1201 pulchre
1031 1140 1150 1183 memor
1184 1129 1216 1183 et
1236 1122 1295 1182 sibi

376 1210 533 1284 cenamus,
554 1211 718 1285 postquam
740 1212 771 1266 te
783 1204 877 1265 inste
889 1205 1060 1283 iuiamaret,
1082 1204 1207 1266 modern
1225 1216 1295 1285 pro·

313 1353 317 1359 ,
375 1288 469 1349 mittit
488 1288 520 1347 in
542 1293 590 1366 te,
611 1288 667 1349 sed
688 1290 829 1349 vertitis
853 1307 902 1347 rne
922 1290 1088 1369 impeturn,
1111 1308 1296 1349 ranarumne

375 1390 415 1430 on
437 1388 611 1432 muscarum
630 1390 754 1432 auarum
775 1388 892 1434 nescio.
997 1405 999 1414 ·
1116 1394 1119 1406 ·

410 1484 413 1492 ·
458 1452 661 1534 Speraveram
694 1467 760 1535 ego
785 1459 947 1514 mactatum
974 1453 1106 1514 futurum
1133 1454 1171 1514 ds
1200 1454 1297 1515 hone·

375 1537 515 1597 minimis
530 1539 624 1597 'seriis
646 1537 706 1598 tuis
729 1545 759 1598 et
780 1537 819 1597 de
841 1538 940 1617 gretia
954 1536 1069 1615 Dei-¹),
1087 1537 1222 1597 humana
1243 1538 1298 1598 nri·

375 1620 466 1697 seria,
487 1622 675 1700 omninoque
696 1619 736 1681 dc
757 1639 797 1681 ea
817 1636 860 1697 ne,
883 1638 964 1699 quae
982 1621 1063 1681 iuter
1085 1640 1142 1681 vos
1155 1621 1297 1695 vertitur:

375 1709 409 1766 at
427 1704 633 1765 meushiccius
654 1706 687 1764 iu
709 1704 937 1764 meas’interim
958 1710 1055 1783 nugas
1078 1702 1298 1782 debacchatur,

376 1791 430 1849 eut
450 1806 508 1866 pro
530 1806 616 1849 more
638 1788 768 1848 istorum
789 1785 911 1846 dierum
929 1786 1022 1847 larvis
1043 1786 1162 1847 iocatur
1183 1788 1299 1867 potius,

375 1868 484 1930 stultas
506 1871 703 1949 moestiores
733 1870 772 1930 de
799 1868 998 1955 ipdulgentiis
1027 1884 1126 1949 paene
1151 1884 1192 1931 ex
1223 1888 1299 1931 orco

376 1951 498 2013 tendens
512 1959 649 2029 revocat,
670 1959 724 2013 tua
736 1952 821 2012 velut
843 1971 978 2033 parerga
998 1955 1029 2013 et
1048 1972 1168 2013 summo
1196 1953 1300 2032 (quod

375 2036 476 2105 siunt)
500 2034 597 2115 digito
621 2036 673 2094 rix
694 2036 860 2115 attingens.
900 2035 994 2097 Forte
1018 2034 1147 2115 Spiritus
1171 2043 1299 2099 sanatus
1399 2098 1407 2125 ,

339 2120 343 2130 '
374 2116 559 2199 praevidens
586 2118 648 2179 hoo
674 2118 807 2179 hominis
823 2116 1010 2178 tudibrium·
1028 2124 1059 2178 et
1086 2120 1299 2199 nugacitatem

373 2200 460 2262 dedit
481 2202 513 2261 iu
535 2219 590 2262 cor
610 2203 802 2282 egregiorum
815 2202 1018 2263 Dominarum
1037 2201 1206 2263 Doctorum
1229 2203 1300 2283 Lip-

375 2285 472 2345 seusis
496 2282 603 2362 Stadii,
624 2291 659 2345 ut
667 2291 846 2347 recusarent
866 2282 1030 2345 nobishoc
1042 2285 1202 2365 negotium
1214 2286 1300 2367 apud

376 2387 413 2429 se
487 2366 635 2429 endum·
878 2408 880 2415 ·
1021 2370 1060 2406 ¹*
1101 2395 1103 2403 ¹
1201 2372 1205 2418 ἲ

431 2383 512 2511 ghhd
535 2457 567 2511 et
587 2468 646 2531 ega
670 2450 744 2512 noio
761 2454 801 2526 te,
823 2450 939 2529 optime
954 2448 1089 2527 Andros,
1109 2450 1143 2510 irr'
1156 2450 1299 2514 frivolam

376 2538 406 2593 et
437 2533 592 2593 larvatem'
615 2533 695 2593 hanc
709 2533 964 2612 'disputationem
996 2532 1201 2611 descendere,
1231 2540 1300 2595 tum

376 2615 458 2694 quod
487 2635 536 2677 me
558 2624 590 2675 et
612 2635 680 2676 mea
695 2613 726 2697 ²)
758 2616 851 2695 petit,
878 2614 962 2677 lauta
982 2615 1061 2677 haec
1084 2624 1115 2676 et
1135 2616 1300 2681 καλλιπά-

376 2720 453 2785 ρηος
474 2702 530 2762 καὶ
550 2694 749 2772 λευκώλενος
770 2712 920 2778 persona,
949 2705 1012 2758 tum
1036 2698 1118 2779 quod
1139 2700 1299 2781 ingenium

376 2766 460 2843 tuum
484 2788 514 2842 et
536 2788 588 2841 tua
610 2780 775 2862 disputatio
806 2780 946 2866 digniora
975 2782 1053 2863 siat,
1081 2801 1173 2862 quam
1201 2788 1235 2843 ut
1266 2784 1319 2859 in·

376 2864 432 2924 hes
450 2863 607 2945 sophistae
630 2870 661 2925 et
673 2884 756 2924 meas
772 2884 880 2945 nugas,
905 2862 1128 2945 (indulgentias
1141 2866 1301 2945 iuquam),

377 2967 432 3009 seu
450 2950 564 3012 rectius
586 2954 617 3009 et
637 2967 711 3009 vere
732 2947 949 3029 negligentias,
972 2947 1177 3011 humilientur.
1213 2948 1301 3024 Quas

378 3050 448 3093 oum
469 3050 576 3096 omnes
598 3032 766 3109 Doctores,
801 3032 892 3095 etiam
929 3030 1121 3115 scholastici,
1159 3032 1301 3095 infelices

376 3114 463 3178 Eccii
484 3121 723 3195 praeceptores,
755 3114 909 3178 fateantur
931 3112 1054 3189 tandem
1078 3121 1110 3175 et
1130 3116 1207 3196 ipsi,
1241 3118 1301 3195 pri-

378 3218 460 3258 mum
481 3217 544 3259 non
557 3198 828 3260 essenecesseriss
842 3196 1025 3275 Christiano,
1048 3202 1123 3277 tum,
1145 3199 1171 3259 si
1194 3198 1300 3261 nullae

378 3286 497 3356 essent,
531 3281 640 3341 melius
672 3299 756 3356 esse,
789 3299 826 3340 ac
848 3298 902 3359 per
922 3279 984 3341 hoe
1013 3277 1052 3341 ad
1074 3280 1245 3363 Scripturas
1270 3290 1303 3343 et

377 3382 442 3423 rem
469 3361 676 3444 theologicam
705 3363 783 3422 sicut
804 3363 923 3426 asinum
952 3362 992 3423 ed
1015 3363 1128 3444 lyram:
1145 3384 1217 3438 ¹nee
1239 3384 1300 3445 ego

377 3445 446 3507 illas
480 3464 613 3525 unquam
646 3464 715 3505 mea
746 3444 954 3529 disputatione
990 3446 1133 3527 dignatus
1163 3446 1301 3528 fuissem,

378 3530 436 3591 nisi
459 3547 514 3608 pro
536 3527 652 3609 populo
675 3526 787 3589 Christi
816 3528 1040 3609 phrenapatas,
1073 3530 1301 3613 mataeoiogOS,

379 3611 527 3673 authedes
550 3618 582 3672 et
598 3610 836 3673 aeschrocerdes
849 3610 880 3695 ³)
898 3613 1086 3693 oportuisset
1098 3612 1300 3695 redarguere:

452 3768 484 3830 1)
504 3765 535 3818 ln
555 3765 597 3819 ed.
617 3765 692 3819 Jeme
714 3764 748 3818 de
766 3765 972 3819 honestissimis
992 3770 1020 3819 et
1038 3766 1117 3820 seriis
1137 3768 1236 3831 rebus,
1266 3768 1300 3821 de

381 3838 471 3907 gretie
490 3837 548 3891 Dei.
585 3837 618 3901 2)
639 3838 672 3890 de
691 3833 793 3890 Watte:
822 3850 895 3891 mea
925 3842 958 3889 et
977 3853 1040 3907 ms3
1071 3837 1166 3890 itidem
1196 3844 1224 3894 in
1256 3838 1300 3893 cd.

380 3907 527 3962 Bosiiiensi
556 3909 803 3962 Incrnbrotionum
833 3908 866 3962 1).
884 3907 919 3961 M.
942 3906 1059 3962 Luthcri.
1093 3908 1164 3965 1520
1190 3930 1217 3982 p.
1237 3910 1300 3967 289.

381 3978 413 4044 3)
426 3980 462 4059 ‚¹3¹
491 3980 533 4033 ed.
561 3980 642 4035 ten:
671 3981 740 4035 haec
776 3978 863 4033 verba
894 3975 920 4033 le
961 3986 1025 4032 ntur
1054 3995 1154 4050 graece
1181 3986 1298 4053 scripta:

382 4048 575 4123 φρεναπάτας,
596 4050 814 4124 ματαιολόγους,
831 4046 913 4105 atst'
930 4064 975 4113 ese
988 4054 1037 4106 not
1053 4054 1277 4129 αἰσχροκερδής.
