3159 4792
509 499 544 556 dc
563 506 685 573 utreque.
699 504 793 579 speeie
810 455 993 574 Shcmmenti.
1144 500 1220 592 403
1238 470 1269 561 ⁴5.

287 704 327 751 sn
343 691 505 767 paccatum
526 686 567 753 sit
579 687 721 757 omittere
743 690 794 753 vel
808 689 970 771 negligere
979 690 1205 762 institutionem

288 766 402 832 Christi
422 766 464 839 tie
486 776 614 853 utraque
636 772 751 850 specie.

371 854 400 915 2.
423 850 483 913 Sed
507 859 555 914 est
574 854 605 928 in
629 872 667 914 eo
691 853 773 933 loco,
797 875 837 915 an
860 873 973 936 eogere
995 876 1048 916 seu
1071 856 1143 936 cogi
1166 854 1207 917 ad

287 934 488 1077 omissionpm
543 935 688 1007 ciusdem
730 939 930 1002 iustitutionis
986 939 1114 1019 impium
1156 937 1207 999 vel

285 1019 369 1098 pium
391 1019 431 1083 sit

369 1102 398 1165 3.
420 1100 485 1163 imo
508 1102 539 1161 in
576 1121 614 1162 eo
638 1084 725 1181 loco,
761 1122 802 1164 an
825 1105 893 1185 ipsa
919 1103 1068 1166 institutio
1092 1099 1204 1166 Christi
1287 1168 1289 1173 .
1319 1164 1328 1179 ,

284 1183 439 1260 haeresis,
471 1190 502 1245 et
524 1184 661 1247 Christus
682 1166 874 1265 haeretistm,
892 1194 941 1250 et
970 1188 1000 1249 ei
1022 1185 1204 1249 obedientes

286 1265 435 1327 haeretici
458 1269 527 1333 sint.

368 1352 398 1413 4.
420 1350 584 1413 Peccatum
608 1352 783 1413 omissionis
812 1350 895 1418 cadit
921 1352 953 1411 in
985 1352 1149 1415 ecclesiam
1174 1360 1205 1413 st

252 1432 455 1511 ¹o‘querulihet
475 1441 625 1513 sanetum,
650 1433 743 1500 modo
767 1436 807 1495 eit
829 1434 955 1500 omissio
978 1435 1120 1517 simplex.

313 1550 317 1557 ·
368 1520 397 1579 5.
421 1514 526 1590 Qualis
560 1516 726 1597 aliquando
760 1516 835 1595 fuit,
874 1536 942 1577 oum
979 1518 1113 1588 ecclesia
1171 1537 1204 1579 er

283 1597 422 1661 hmrdem
446 1598 561 1663 diaboli
583 1600 717 1681 spoliata
737 1600 796 1664 luit
816 1605 945 1680 utraque
964 1603 1080 1681 specis,
1102 1538 1204 1662 adhuc

285 1688 394 1744 autore
417 1683 585 1763 incognito.

369 1768 398 1829 6.
421 1764 499 1828 Nam
519 1773 550 1827 et
571 1767 697 1827 omissio
720 1764 874 1849 decalogi,
898 1766 1047 1834 orationis
1059 1766 1200 1835 Domini-

174 1930 175 1937 *
283 1865 339 1908 cae
362 1855 393 1908 et
414 1846 545 1928 symboli
568 1849 651 1909 cadit
672 1850 704 1910 in
718 1848 893 1928 ecclesiam,
916 1849 1027 1919 sellem
1041 1870 1084 1928 eu
1105 1858 1201 1932 parte.

366 1934 394 1994 7.
420 1931 490 1995 ideo
514 1932 735 2013 credipotest,
770 1933 832 1994 tale
855 1939 927 1993 tunc
943 1942 1109 2012 ,peccatum
1132 1952 1201 1993 esee

282 2014 459 2095 toleratum*
481 2022 512 2075 et
532 2034 615 2077 nnnc
635 2016 876 2096 agnoscentibus
897 2017 1068 2085 remissum.

367 2098 396 2159 8.
420 2097 558 2159 Alterum
581 2118 655 2159 vcro
683 2104 856 2178 peccatum,
878 2098 996 2162 scilicet
1017 2099 1138 2162 coactio
1161 2096 1202 2161 ad

282 2181 481 2241 omissionem
511 2182 729 2261 insecutionis„
752 2187 801 2242 est
832 2201 888 2262 per
909 2181 1079 2263 sacrilegus
1102 2183 1201 2267 ponti·

281 2260 357 2323 lices
379 2269 411 2323 et
432 2266 608 2347 canonistas
631 2263 778 2327 additum.
1202 2307 1204 2310 -

365 2349 394 2411 9.
416 2346 484 2409 H0c
505 2356 666 2429 peccatum
694 2367 759 2410 non
781 2344 863 2409 cadit
892 2347 923 2407 in
947 2347 1110 2412 ecclesium
1132 2346 1200 2426 Dei,

281 2446 364 2511 quae
387 2449 450 2490 non
482 2433 567 2513 cogit
599 2432 758 2509 omittere,
792 2429 849 2493 sed
876 2449 1002 2493 servare
1034 2450 1087 2509 ea,
1120 2449 1200 2511 quae

282 2513 367 2573 Deus
389 2514 528 2576 instituit.

347 2600 395 2661 10.
418 2595 502 2657 Siout
522 2616 586 2659 non
608 2596 691 2659 cedit
712 2598 742 2657 in
767 2596 931 2659 ecclesiam
952 2596 1014 2658 hoc
1027 2603 1200 2679 peccatum,

226 2725 234 2747 .
281 2686 314 2741 ut
343 2686 437 2761 cogat
465 2682 606 2759 omittere
635 2679 836 2762 decalogum3
870 2681 1041 2745 orationem
1063 2680 1198 2743 Domini·

281 2780 359 2841 cam,
382 2763 567 2843 symbolum.

345 2850 391 2909 11.
416 2846 550 2910 Tertium
569 2852 742 2927 peccatum,
763 2845 983 2916 condemnatio
993 2846 1198 2925 ‚institutionis

281 2928 405 3006 Christi,
427 2935 571 3009 tauquam
601 2930 738 2993 haeresis
771 2937 804 2990 et
825 2928 936 2990 Christi
958 2928 1121 3007 heereh’ci,
1151 2934 1200 2988 est

281 3020 440 3092 peccatum
465 3014 664 3076 novissimum
686 3011 802 3075 diaboli
824 3018 855 3073 et
877 3010 992 3072 mundi.
1014 3086 1018 3091 ι

345 3097 393 3161 12.
416 3095 484 3157 Hoc
506 3104 666 3176 peccatum
685 3094 768 3157 adeo
791 3115 855 3156 non
877 3094 959 3158 cadit
979 3096 1010 3154 iu
1024 3092 1198 3172 ecclesiam,

281 3186 313 3239 ut
335 3178 411 3247 nihil
432 3178 606 3241 horribilius
629 3180 659 3239 in
682 3178 805 3247 auribus
827 3179 892 3241 eius
915 3174 975 3239 dici
996 3176 1106 3263 possit.

348 3265 397 3331 13.
420 3261 480 3326 Sed
510 3281 568 3325 nec
600 3264 631 3325 in
652 3260 783 3326 Turcam
818 3268 850 3322 et
877 3259 974 3324 ullum
998 3260 1197 3334 ,manifestum

281 3345 340 3406 Dei
361 3344 494 3425 hostem,
518 3345 748 3425 quantominus
770 3346 802 3409 in
815 3344 986 3427 simplicem
998 3350 1197 3431 peccatorem

280 3428 393 3491 cadere
416 3436 530 3508 potest.
878 3436 884 3451 “

343 3513 393 3573 14.
415 3510 477 3573 Sed
498 3517 688 3573 reservatum
710 3518 758 3573 est
779 3512 832 3572 uni
853 3510 1043 3573 novissimae
1056 3508 1197 3570 sentines

280 3594 588 3659 sceleratissimorum
611 3601 643 3659 ei
662 3594 940 3677 perditissimorum
960 3592 1136 3668 homiuum,
1166 3590 1198 3653 id

280 3684 336 3756 est,
360 3678 513 3740 ecclesiae
535 3673 715 3740 antichristi.

280 3815 354 3868 Haec
384 3816 533 3884 disputatio
565 3817 716 3884 separatim
744 3829 849 3867 excuss
874 3816 967 3865 exstat
995 3811 1047 3865 sub
1077 3810 1130 3863 hae
1156 3812 1198 3863 iu·

280 3889 442 3955 scriptione:
481 3888 622 3941 Martini
641 3886 786 3939 huthsri
805 3885 964 3953 Disputatio
984 3888 1082 3937 contra
1101 3881 1199 3936 Conci·

277 3958 346 4015 lium
365 3958 585 4021 Constantienee.
608 3959 812 4023 Vittembergae
825 3958 903 4012 1535.
921 3953 961 4009 8⁰.
984 3955 1104 4021 (Pannar
1123 3958 1196 4007 Ann.

279 4036 338 4100 typ.
356 4028 402 4099 IX,
422 4030 465 4087 97.
484 4032 589 4085 Walch.
608 4030 639 4085 Τ.
658 4029 720 4083 xix
738 4045 764 4098 p.
786 4030 838 4084 105
857 4033 885 4081 et
904 4025 995 4162 13392.
