3159 4792
392 517 427 573 de
447 519 521 587 bapt.
541 516 617 585 legis*
632 517 684 570 etc
702 509 732 567 u
748 510 785 567 de
800 517 982 567 excommun.
1001 510 1053 560 etc.
1124 498 1188 567 343

268 789 503 873 Disputatio
526 787 562 851 D.
587 786 695 846 Mart.
717 779 826 842 Luth.
855 778 901 839 de
934 773 1195 837 Excommuni·

612 868 777 928 catione
800 869 858 925 etc.

576 984 669 1046 Anno
690 982 730 1046 M.
752 982 788 1042 D.
804 978 892 1043 ,XXL

470 1087 510 1151 ad
532 1086 662 1147 futuram
692 1083 800 1144 feriam
822 1074 998 1157 sextam).

318 1198 344 1257 1.
366 1192 479 1253 Errant
490 1186 689 1250 ecclesiarum
705 1178 883 1264 praepositi,
907 1178 977 1239 dum
1001 1196 1056 1257 per
1076 1192 1200 1234 excom·

273 1274 517 1338 municationem
541 1270 708 1331 vindictam
729 1267 775 1326 sui
800 1271 830 1325 ct
852 1282 907 1323 sun
930 1266 1089 1340 quaeruut.

314 1362 345 1423 2.
368 1352 707 1419 Excommunicationis
729 1351 816 1429 virga
838 1346 1008 1427 lugentium
1030 1340 1200 1402 hnmilitate

272 1442 374 1523 infligi
405 1438 511 1518 debet,
553 1456 615 1496 uon
638 1434 840 1495 saevientium
876 1434 1034 1509 pastorum
1063 1424 1144 1485 fastu
1172 1428 1203 1481 et

274 1524 431 1607 superbia.
832 1559 834 1563 -

319 1612 349 1674 3.
372 1607 439 1667 Nec
460 1605 535 1665 satis
559 1608 624 1676 est,
656 1600 736 1661 siin
760 1617 794 1659 re
826 1601 935 1657 contra
955 1591 1122 1651 Dominum
1145 1588 1203 1647 for-

275 1711 367 1754 moso
391 1688 540 1750 scribatur
562 1685 669 1747 titulo:
690 1682 724 1742 In
748 1680 882 1742 Domino
906 1674 1088 1737 mandamus
1110 1677 1204 1749 atque

190 1852 193 1857 .
274 1775 470 1855 requirimus.

319 1856 577 1921 conminmum
615 1870 649 1911 in
683 1848 785 1909 carnis
821 1844 975 1905 interitum
1004 1814 1083 1899 tiadi
1117 1834 1206 1896 iussit

277 1940 462 2023 apostolus,
493 1943 527 1996 ut
548 1935 670 2015 spiritus
693 1934 876 2017 servaretur.
919 1925 1013 2005 Igitur
1035 1920 1116 1981 male
1139 1938 1206 1979 sen·

581 2139 738 2207 Disputatio
758 2132 900 2188 circulatis

592 2211 627 2263 ad
646 2213 768 2263 futuram
787 2209 896 2259 sextam
916 2201 1023 2253 feriam.

355 2289 443 2344 Missa
461 2288 600 2341 neminem
612 2283 762 2335 sanctificat
778 2283 826 2330 ant
845 2278 946 2326 iustum
960 2271 1025 2321 iacit
1041 2284 1093 2319 nec
1115 2281 1131 2317 a
1149 2280 1209 2332 pcc-

281 2365 354 2417 catis
375 2362 483 2415 liberat.

355 2434 444 2502 Igitur
461 2432 547 2483 missa
572 2443 629 2480 non
659 2429 701 2477 est
719 2420 901 2481 sucrificium,
934 2412 983 2467 sed
1012 2412 1122 2479 signum
1152 2407 1210 2459 veri

281 2505 421 2561 sacrificii.

357 2574 438 2641 Quod
457 2572 539 2624 fidem
556 2573 670 2623 exercet
688 2571 716 2619 et
733 2565 878 2616 venitatem
899 2563 992 2625 auget.

361 2646 476 2701 Nullum
503 2658 618 2711 prorsus
646 2637 766 2707 amplius
795 2639 836 2687 cst
859 2630 1023 2685 sacrificium
1050 2622 1123 2693 apud
1143 2620 1217 2673 Chri-

284 2725 402 2777 stianos.

358 2792 420 2845 Nisi
438 2789 549 2841 unicum
570 2760 705 2852 spititntJ
724 2793 779 2847 qun
798 2782 917 2843 corporo
935 2776 1033 2824 nostro
1051 2766 1216 2820 exhibemus

288 2867 487 2986 ΒΘοοΗοειὶιὶιῐι
508 2931 644 2990 sanctam,
665 2923 803 2973 viventem
824 2921 851 2971 et
868 2914 929 2967 Deo
950 2911 1116 2979 placentem.

360 3002 442 3071 Quod
462 3014 507 3054 est
525 3014 575 3051 cor
593 2996 743 3049 conmiinm
763 2997 790 3043 et
808 2986 983 3043 humiliatum
1003 2995 1060 3033 uon
1081 2973 1216 3029 obediens

288 3074 521 3145 concupiscentiis
541 3071 606 3122 suis.

362 3149 422 3202 Hoc
440 3150 482 3199 est
500 3141 666 3195 sacrificium
683 3134 826 3190 landiset
845 3130 966 3181 iustitiae
985 3122 1061 3175 omni
1079 3119 1150 3171 hora
1161 3115 1217 3167 Dec

290 3218 476 3277 offerendum.

365 3293 449 3344 itissa
467 3289 551 3341 etiam
570 3282 695 3335 sanctiet
712 3278 776 3332 insti
788 3270 941 3328 sacerdotis
953 3266 1021 3319 nulli
1040 3262 1119 3315 alteri
1138 3256 1219 3328 prod-

291 3372 343 3419 est.

365 3433 511 3488 Orationes
536 3441 601 3480 vero
627 3426 655 3475 in
685 3422 768 3473 missa
794 3415 923 3469 omnibus
952 3408 1077 3463 fidelibus
1103 3406 1221 3473 prosunt

292 3508 364 3562 nolit
382 3504 457 3557 velit.

367 3577 449 3644 impii
468 3579 560 3626 antem
580 3573 608 3620 et
620 3562 773 3634 peccatoris
789 3560 873 3611 missa
894 3571 955 3607 cum
969 3550 1144 3605 orationibus
1164 3546 1222 3598 suis

295 3648 473 3719 blasphemia
491 3647 534 3697 est
552 3646 579 3694 et
598 3641 749 3757 peccatup.
770 3700 795 3754 Α

372 3826 403 3893 ⁸)
425 3824 500 3876 Haec
518 3817 668 3887 disputatio
688 3812 718 3865 L.
740 3809 774 3861 de
794 3800 1082 3860 excommunicatione
1099 3798 1149 3845 etc.
1169 3806 1225 3843 non

297 3902 401 3968 legitur
424 3899 453 3947 in
480 3892 544 3946 edit.
571 3888 654 3954 1530,
682 3895 734 3936 nos
754 3884 860 3932 textum
881 3870 1052 3927 reddidimus
1074 3864 1127 3917 edd
1158 3862 1228 3919 1538

297 3977 334 4101 eit1
333 3969 423 4109 uippfl
444 3968 474 4020 in
492 3964 536 4019 ed.
551 3950 618 4017 1538
629 3950 866 4021 deestinscriptio.
878 3948 927 4017 (cf.
942 3940 1038 3995 Walch
1060 3937 1121 3990 xlx
1133 3950 1159 4005 p.
1180 3934 1230 3991 82.
