3159 4792
359 494 423 564 m
693 501 774 555 Bulla
791 501 890 558 hosis
909 503 941 558 ll.

416 685 612 766 Exsurgats)
635 686 768 767 denique
780 688 881 749 omnis
897 687 1090 764 Sanetomm,
1109 700 1147 748 aa
1168 685 1289 767 reliqua

363 769 546 830 aniversalis
567 770 755 848 aeolesiab),
778 772 864 832 euius
876 791 949 833 vara
962 790 1116 832 ssemrum
1129 771 1289 832 literarum

361 854 614 932 interpretatione
635 854 852 935 posthabitae)
885 854 1025 934 quidam,
1048 871 1178 934 quorum
1205 873 1288 916 men-

361 939 423 998 tem
445 936 535 997 Pstsr
558 936 751 1013 mendsoiid)
772 940 966 1017 exoaeoavit,
996 957 1036 998 ex
1057 939 1157 999 veteri
1179 937 1288 998 haere·

359 1021 487 1080 tinorum
509 1020 659 1099 instituto,
681 1021 763 1102 apud
785 1023 984 1102 semetipsos
1007 1022 1175 1102 sepientes,
1193 1021 1289 1101 serip-

359 1107 443 1163 turas
465 1103 589 1164 eoadem
612 1103 754 1184 silure),
777 1124 868 1184 quam
893 1105 1022 1185 Spiritus
1053 1110 1177 1165 sanetus
1201 1102 1288 1185 flugi-

359 1192 420 1263 tst,
446 1187 573 1266 pmprio
596 1187 746 1248 duntaxat
767 1207 880 1268 sensu,
903 1187 1097 1265 ambitionis,
1129 1205 1289 1266 auraeque

359 1269 554 1349 popularisf)
591 1289 686 1331 eausa
709 1274 807 1350 (teste
829 1271 1003 1352 Apostolo)
1033 1267 1295 1350 interpretantur,

359 1353 422 1412 imo
445 1371 519 1413 vero
558 1359 716 1432 torquent,
752 1363 783 1415 et
805 1355 1044 1432 adulterante),
1066 1355 1110 1414 ita
1145 1360 1179 1414 ut
1200 1354 1288 1414 iuxta

358 1435 579 1515 Hieronymum
602 1439 663 1497 ianr
684 1457 747 1498 non
770 1440 811 1499 sit
833 1438 1027 1518 evangelium
1039 1436 1162 1513 Christi,
1185 1434 1286 1518 sedh)

358 1518 502 1594 hominis,
524 1526 588 1598 aut,
610 1520 691 1599 quod
713 1522 801 1600 peius
819 1527 876 1596 est,
899 1521 1032 1582 diaboli:
1056 1526 1221 1600 exsurgat,
1244 1521 1286 1580 in·

359 1621 460 1680 qnam,
483 1603 620 1683 praefata
642 1611 749 1665 sanata
770 1605 903 1666 eeclesia
924 1603 1039 1680 Deii),
1074 1610 1104 1664 et
1124 1611 1194 1664 'una
1217 1621 1285 1663 oum
1395 1665 1396 1672 χ

356 1684 539 1746 beatissimis
568 1687 717 1767 apostolis
747 1688 893 1768 praefatis
915 1686 997 1766 apud
1018 1687 1116 1748 Deum
1146 1687 1286 1766 omnipo·
1395 1691 1396 1730 l

358 1774 472 1828 tentem
494 1770 682 1849 intercedat,
705 1777 738 1831 ut
759 1768 940 1851 purgatisk)
966 1771 1069 1831 ovium
1092 1787 1216 1830 suarum
1241 1788 1287 1830 er·
1395 1795 1396 1822 ι

357 1851 486 1928 roribus,
510 1852 736 1932 eliminatisque
767 1874 786 1913 a
807 1851 942 1914 fidelium
972 1852 1084 1914 finibus
1105 1845 1285 1914 haeresibus

357 1936 523 2010 universis,
557 1936 708 1997 ecelesiae
729 1956 804 1996 suaa
838 1943 964 1998 sanotae
996 1941 1103 2017 paoem
1134 1940 1167 1996 et
1187 1936 1284 1996 unita·

358 2015 455 2098 teml)
481 2037 667 2079 conservare
689 2018 841 2100 dignetur.
1159 2024 1161 2031 '

399 2103 436 2175 a)
460 2101 501 2161 Ut
530 2120 599 2162 oum
628 2102 780 2163 scelerato
811 2102 1042 2182 malignantium
1069 2099 1285 2162 musiliano

400 2183 486 2244 eidas
509 2190 551 2244 tu.
878 2225 879 2230 κ
1192 2209 1197 2219 2

398 2266 435 2343 b)
462 2267 560 2343 Quam
583 2274 616 2328 tu
638 2274 669 2329 et
689 2271 788 2329 saneti
808 2267 853 2328 illi
875 2267 1131 2347 praedecessores
1146 2267 1190 2326 tui
1214 2265 1285 2328 abo·

400 2351 518 2412 levistis
541 2352 602 2412 ium
624 2371 724 2432 paene
747 2359 778 2412 et
799 2350 983 2432 perdidistis.

398 2439 434 2507 o)
463 2434 630 2514 Resumpta
653 2435 712 2496 dio.
756 2434 795 2505 d)
809 2435 944 2511 Bestius,
965 2433 1039 2511 Leo,
1061 2430 1195 2492 diceres:
1220 2430 1285 2511 Spi-

398 2518 473 2576 ritus
496 2525 620 2577 sanetus
643 2517 815 2578 illustravit.
845 2517 923 2577 Nam
946 2535 1003 2577 vos
1026 2516 1117 2576 Pater
1136 2514 1190 2576 ille
1213 2533 1284 2574 ava·

398 2601 486 2658 ritiue
509 2599 611 2660 studio
636 2599 823 2660 obcaecatos
858 2599 895 2660 ad
928 2600 1063 2679 pessima
1096 2598 1202 2658 omnia
1234 2596 1283 2658 de-

398 2681 555 2742 cernenda
577 2689 610 2742 et
631 2683 772 2743 facienda
792 2683 914 2762 impulit
935 2683 1027 2742 toties
1049 2682 1120 2742 ism.

398 2768 433 2838 e)
460 2765 558 2826 Aliter
578 2783 669 2845 quam
693 2765 875 2826 Pontificum
897 2766 1047 2826 avaritiae
1069 2770 1101 2824 et
1121 2761 1284 2824 ambitioni

398 2850 570 2911 conveniat.
615 2850 729 2910 Desine
751 2856 783 2909 tu
806 2868 900 2924 vero,
934 2848 1019 2908 ouius
1055 2846 1109 2908 tibi
1138 2847 1283 2908 nonsoius

397 2932 465 3009 ipse
487 2950 530 3010 es,
553 2933 584 2991 in
608 2932 676 2992 aliis
699 2932 879 2993 calumniari
901 2932 1027 2992 crimen.

397 3013 425 3088 f)
450 3014 515 3074 lmo
538 3014 681 3094 publicae
704 3016 905 3091 necessitatis,
928 3032 997 3074 num
1013 3020 1065 3074 tua
1085 3013 1178 3072 venia
1201 3011 1282 3074 dieo.

397 3101 435 3178 g)
460 3097 577 3158 Contra
597 3097 663 3158 lieri
686 3118 794 3159 omnes
817 3098 883 3158 sani
905 3096 1010 3157 vident
1031 3095 1086 3156 abs
1103 3101 1133 3155 te
1157 3094 1230 3156 hoo.

397 3179 436 3251 h)
461 3181 502 3240 Ut
534 3182 638 3241 nititur
664 3182 697 3241 in
731 3181 810 3242 alios
840 3179 1005 3241 transferre
1040 3197 1126 3238 suum
1158 3179 1285 3238 crimen.

398 3261 477 3322 Nam
500 3263 602 3324 adhue
623 3265 707 3325 aliud
737 3264 813 3324 nihil
841 3263 1012 3325 audivimus
1035 3265 1179 3342 agentem
1203 3280 1286 3322 eum.

398 3343 427 3425 i)
450 3345 649 3428 Exsurgeret,
672 3349 731 3408 nisi
754 3355 786 3407 tu
804 3348 1010 3426 opprimeres:
1031 3344 1092 3416 hoo
1114 3356 1210 3403 unum
1234 3343 1285 3405 ob·

399 3435 468 3491 stat.
511 3429 550 3511 k)
577 3431 704 3509 Potius,
735 3438 768 3491 ut
789 3429 906 3491 abolita
933 3435 1092 3508 pastorum
1113 3426 1286 3503 lumeitste,

399 3521 430 3572 et
453 3512 582 3574 liberato
605 3513 644 3574 ab
667 3533 721 3574 ore
743 3532 865 3589 eorum,
896 3529 936 3571 ne
956 3513 996 3571 sit
1025 3509 1105 3570 ultra
1125 3510 1157 3570 in
1181 3527 1285 3572 eseam

398 3597 483 3675 ipsis,
506 3615 601 3678 grege
635 3604 743 3675 paseat
765 3614 840 3656 oves
863 3611 952 3672 suas,
973 3593 1094 3673 ipsein
1116 3591 1233 3654 iudioio
1256 3597 1287 3651 et

398 3678 550 3740 aooubsre
569 3680 677 3756 faeiat,
706 3679 854 3758 quodque
874 3679 1008 3758 perierat
1024 3675 1178 3755 requirat,
1203 3672 1285 3754 quod

400 3761 588 3822 confractum
623 3768 689 3822 erat
719 3763 841 3842 alliget,
875 3759 957 3840 quod
990 3757 1147 3820 infirmum
1178 3758 1286 3834 fuerat,

401 3845 589 3924 consolidet,
624 3845 705 3925 quod
739 3847 855 3926 pingue
876 3850 907 3904 et
928 3844 1016 3920 forte,
1040 3840 1211 3902 custodiat:
1255 3849 1287 3900 ut

401 3927 523 3991 taudem
554 3929 708 3991 auferatur
737 3928 831 3990 matio
858 3927 1101 4003 lascivientium,
1132 3943 1194 3984 neo
1228 3925 1287 3983 sint

400 4018 559 4094 pastores,
593 4014 643 4094 qui
666 4019 795 4094 pasosot
818 4017 915 4072 semet
933 4012 1036 4090 ipsos,
1055 4025 1286 4088 gregemuem
