3159 4792
583 508 681 558 centra
699 503 734 559 ll.
753 504 915 559 Letherum.
1156 500 1218 567 313

1107 590 1119 619 r

296 689 450 771 quaedam
474 690 623 771 damnari,
645 693 739 756 modo
752 694 806 755 ille
821 694 954 755 vicissim
966 699 1121 774 pateretur
1136 691 1218 753 dem·

294 776 360 836 nari
383 775 467 853 quod
490 774 614 844 oderat,
650 786 703 838 aut
735 776 818 857 quod
848 783 969 857 putaret
987 776 1217 838 incommodum

294 858 357 917 suis
380 856 480 922 rebus.
502 859 582 920 Nam
596 860 806 922 lovanienses
826 860 1051 921 condemnant
1070 858 1112 934 id,
1135 858 1218 938 quod

294 941 426 1002 maxime
448 945 557 1023 gravat
574 943 748 1021 Lutherum‚
771 942 914 1005 videlieet
935 943 1097 1023 primatum
1119 944 1221 1023 ponti·

293 1022 361 1083 ficis
384 1043 446 1085 non
470 1044 539 1085 esse
560 1027 632 1087 iuris
654 1026 758 1087 divini.
802 1028 841 1087 Et
862 1026 1019 1087 Turnhaut
1040 1045 1151 1106 parans
1174 1045 1221 1087 re·

293 1107 402 1168 fellere
431 1107 655 1171 conclusiones
677 1109 818 1188 Lutheri,
852 1116 980 1171 testatus
1017 1116 1064 1170 est
1096 1129 1130 1171 se
1158 1108 1221 1169 hoc

293 1190 376 1251 velle
407 1191 554 1251 intactum
588 1192 772 1273 relinquere.
828 1192 908 1255 Satis
936 1194 1027 1274 igitur
1060 1192 1220 1254 declarant
1334 1246 1337 1253 ,

296 1292 329 1334 se
351 1274 383 1333 in
405 1273 467 1334 hcc
488 1276 603 1337 sentire
625 1295 694 1337 cum
706 1276 850 1354 Luthero,
873 1283 904 1337 et
927 1277 1124 1355 tamen‘passi
1147 1282 1221 1337 sunt

295 1355 434 1417 damnari
454 1357 487 1417 in
502 1357 599 1420 Bulla.
643 1360 685 1419 Et
705 1360 834 1421 Lovanii
858 1366 937 1435 sunt,
962 1361 1013 1438 qui
1036 1358 1220 1436 obstiterint,

294 1459 334 1499 ne
356 1439 507 1518 quaedam
530 1440 758 1505 damnarentur.
801 1443 883 1503 llcce
906 1442 984 1502 duae
1006 1449 1123 1502 tantum
1146 1441 1222 1501 Uni-

296 1523 474 1601 versitates,
497 1525 589 1585 etism
613 1526 802 1603 coniuratum,
824 1546 886 1587 non
909 1525 1116 1586 consentiunt.

360 1605 441 1683 llam
463 1625 532 1667 cum
555 1607 708 1671 fateantur
727 1610 758 1669 in
780 1609 909 1687 Thema,
930 1609 960 1667 in
985 1607 1089 1685 flecte,
1111 1608 1143 1666 i'n
1164 1604 1219 1668 Pe·

295 1695 340 1748 tro
352 1687 538 1769 Inmbardo,
560 1692 590 1751 in
613 1691 798 1772 Augustino,
817 1694 848 1751 in
873 1692 982 1753 ceteris
995 1690 1136 1753 omnibus
1150 1708 1221 1751 esse

295 1790 426 1850 errares,
449 1779 481 1833 et
502 1773 644 1846 eosdem,
667 1794 745 1854 quos
768 1775 916 1835 damnant
936 1776 966 1833 in
989 1773 1139 1849 Lutheru,
1161 1792 1221 1833 nee

295 1854 342 1915 his
365 1853 577 1932 offendantur,
599 1858 674 1918 satis
696 1857 856 1918 declarant
881 1877 914 1919 se
937 1856 1010 1917 odio
1031 1856 1155 1917 Lutheri
1177 1856 1220 1915 fs.-

295 1956 383 2015 ccre,
406 1938 489 2017 quod
511 1939 641 2016 faciunt,
663 1960 728 2002 non
750 1942 818 2001 nelo
841 1939 929 2017 fidei,
965 1958 1055 2019 quem
1080 1958 1143 1999 non
1165 1937 1221 1999 ha-

298 2020 373 2081 bent
393 2021 535 2083 homines
556 2023 752 2094 fucatiseimi,
777 2025 824 2084 sui
846 2031 962 2085 tentum
985 2030 1139 2099 amentes,
1161 2040 1222 2099 uec

297 2103 382 2164 aliud
417 2124 509 2185 quem
551 2126 679 2187 regnum
712 2106 902 2168 affectantes.
953 2106 1051 2167 Nemo
1088 2106 1222 2165 fraterne

296 2188 417 2248 monuit
437 2186 611 2264 lutherum,
634 2190 807 2270 cupientem
834 2189 968 2264 discere,
991 2208 1082 2247 nemo
1105 2188 1220 2266 docuit,

296 2289 391 2331 nemo
424 2271 544 2334 refellit.
587 2271 725 2333 Tandem
754 2280 924 2351 coeperunt
950 2273 981 2331 in
1014 2271 1128 2331 scholis
1163 2272 1221 2331 dis·

295 2363 405 2432 putare
425 2353 571 2415 adversus
592 2354 772 2435 Lutherum,
801 2354 855 2415 sed
878 2356 936 2433 ite,
971 2362 1006 2415 ut
1029 2373 1089 2414 non
1113 2354 1220 2437 liceret

297 2436 501 2497 Baceslauriis
523 2439 608 2517 loqui
638 2438 758 2499 cuidam
783 2437 947 2519 Theolcgo
985 2436 1148 2499 adducenti
1172 2458 1217 2497 ar·

294 2526 490 2599 gementum,
521 2520 603 2601 quod
625 2540 689 2583 non
711 2529 839 2602 possent
860 2522 997 2598 solvere3
1019 2521 1218 2581 vehementer

294 2602 445 2683 indignati
467 2610 554 2678 sunt,
576 2610 607 2665 et
628 2605 820 2684 collegerunt
842 2605 1006 2666 concilium
1030 2604 1068 2665 de
1090 2604 1143 2663 illo
1166 2604 1217 2665 eii.-

295 2685 423 2757 ciendo,
453 2686 612 2748 Turnlraut
644 2695 677 2749 et
705 2687 852 2749 Latomus
887 2694 1056 2766 coeperunt
1077 2685 1217 2747 refellere

293 2766 323 2827 in
345 2768 529 2831 lectionibus
559 2771 622 2831 suis
655 2776 687 2832 et
712 2772 765 2830 vix
794 2772 986 2851 perfecerunt
1014 2770 1075 2830 duo
1105 2771 1217 2849 capita,

294 2857 411 2911 lantum
435 2859 468 2912 ut
488 2861 572 2913 esset
592 2860 770 2933 praetextus
794 2854 874 2933 apud
897 2853 1017 2929 stultos,
1039 2860 1074 2912 ut
1094 2854 1215 2912 interim

291 2938 493 3012 procurarent
514 2954 565 3013 ea,
588 2955 667 3016 quae
687 2956 770 2997 nunc
791 2936 939 2997 videmus.

375 3015 466 3091 Quod
489 3018 575 3080 sires
598 3038 636 3079 e0
657 3018 833 3091 deducatur,
857 3026 889 3079 ut
898 3015 1066 3095 Theologis
1089 3013 1215 3074 liberum

292 3100 331 3158 sit
350 3098 468 3179 absque
499 3101 668 3162 rationibus
696 3100 813 3163 dicere:
844 3101 913 3161 Hoc
932 3099 1042 3161 falsum
1064 3104 1124 3172 est,
1157 3097 1217 3157 hoc

290 3180 494 3262 haereticum,
517 3185 577 3245 hcc
599 3184 798 3260 offendam,
831 3204 890 3245 nec
912 3183 963 3243 ulli
986 3188 1057 3241 sunt
1077 3178 1161 3258 libri,
1183 3181 1214 3239 in

291 3264 402 3343 quibus
423 3286 485 3327 non
498 3268 599 3347 possis
620 3266 735 3346 aliquid
759 3268 820 3328 tale
833 3266 1021 3342 calumniari,
1043 3265 1215 3343 cuicunque

290 3348 486 3409 succensebit
496 3348 708 3425 Hochstrafus‚
731 3349 892 3412 vocabitur
913 3350 951 3409 sd
973 3350 1087 3428 ignem,
1110 3356 1141 3407 et
1163 3347 1214 3406 bo-

290 3450 350 3491 nae
373 3430 482 3492 literae
505 3439 537 3493 et
557 3432 631 3493 boni
660 3434 716 3492 viri
738 3433 907 3513 prodentur
934 3432 1067 3492 hominis
1089 3430 1217 3503 indocti,

288 3512 396 3575 furiosi
419 3519 450 3575 et
470 3515 611 3576 scelerati
635 3515 764 3578 hbrdrm.
810 3516 864 3576 llle
885 3517 916 3575 in
938 3516 1000 3575 suis
1023 3513 1217 3593 praefationi-

287 3595 344 3657 bus
363 3597 508 3677 gloriosis
527 3600 676 3679 promittit
696 3598 767 3661 illos
786 3598 984 3659 admirandos
1007 3597 1215 3676 syllogismos,

288 3679 399 3761 quibus
422 3680 563 3742 volentes
586 3682 728 3742 nolentes
751 3683 790 3742 sit
811 3681 974 3742 educturus
996 3698 1054 3739 nos
1076 3678 1114 3738 ad
1138 3678 1215 3739 obe-

287 3762 443 3823 diendum.
486 3763 526 3824 Ilt
558 3765 659 3826 subito
687 3763 804 3845 profert
834 3764 1005 3826 carnificem
1035 3782 1121 3820 suum
1145 3781 1213 3821 cum

284 3846 453 3922 fasciculis,
474 3848 544 3927 ipse
564 3847 700 3908 carnifex
722 3848 902 3908 cucullatus.

368 3928 494 4009 Omnia,
522 3949 603 4011 quae
623 3930 772 3991 hactenus
793 3932 823 3989 in
846 3930 1009 3991 Lutherum
1032 3936 1103 3987 sunt
1125 3929 1216 4008 serip-

285 4018 328 4092 ta,
349 4012 467 4075 habent
488 4013 680 4075 manifestam
703 4014 874 4094 insaniem,
910 4030 1018 4076 omnes
1041 4011 1214 4091 turpissime
