3159 4792
341 497 403 565 366
651 496 809 569 capuano
828 498 861 553 n.
878 498 913 552 u.
933 493 966 553 a.
1005 491 1007 500 '
1045 531 1050 551 2
1099 464 1103 471 ’

340 688 411 751 “34.
436 686 468 748 Si
498 688 579 746 enim
606 686 819 747 affirmativum
844 692 926 748 esset
956 694 1172 769 praeceptum,
1201 706 1268 748 non

341 772 448 831 liceret
470 788 602 866 unqqam
632 773 811 851 episcopum
841 770 992 831 coelibem
1016 788 1099 849 esse,
1129 770 1184 833 sed
1213 791 1267 831 ne-

342 856 476 915 cessario
499 856 588 912 unius
612 872 735 934 semper
756 856 859 915 uxoris
882 856 989 914 virum

362 940 412 1002 35
435 938 555 996 Mortua
577 937 695 997 scilicet
715 956 791 1017 una,
821 938 888 997 eine
915 936 977 997 line
1003 937 1190 1019 polygamus
1213 936 1267 996 du-

343 1026 427 1081 ceret
448 1019 556 1115 aliam,
585 1040 624 1079 ne
647 1020 769 1099 quando
794 1022 956 1101 episcopus
986 1039 1048 1082 non
1071 1027 1155 1081 esset
1176 1021 1267 1079 unius

343 1105 447 1165 uxoria
469 1105 525 1182 vir,
548 1112 656 1163 contra
677 1103 816 1165 Paulum

365 1190 414 1251 36
436 1186 623 1247 sicutenim
650 1204 807 1265 nunquam
831 1206 895 1247 non
918 1186 1010 1247 debet
1041 1206 1110 1246 esse
1133 1186 1267 1266 sobrius,

342 1269 435 1350 vigil,
452 1270 565 1329 suavis
588 1277 662 1348 etc,
690 1271 733 1329 ita
755 1287 911 1349 nunquam
944 1288 1009 1329 non
1030 1278 1194 1349 cogeretur
1216 1288 1268 1329 eo-

343 1353 412 1414 dem
434 1354 576 1412 virtutum
601 1353 744 1438 catalogo
768 1372 838 1413 esse
862 1355 906 1413 vir
928 1354 1016 1412 unius
1039 1352 1157 1415 uxoris

365 1440 415 1501 37
435 1436 516 1496 Mort
504 1442 555 1496 tua
577 1454 638 1495 una
661 1441 761 1495 uxore'
780 1438 944 1517 episcopus
958 1434 1080 1517 quidem
1096 1440 1189 1511 esset,
1212 1434 1268 1497 sed

343 1539 406 1580 non
428 1520 474 1578 vir
495 1520 584 1579 unius
606 1519 719 1591 uxoris,
730 1518 854 1597 quodt
856 1539 945 1579 amen
961 1518 1071 1579 Paulus
1087 1538 1269 1599 praecipere

344 1603 461 1666 dicitur.

364 1688 413 1749 38.
436 1683 607 1745 Ridiculum
641 1701 715 1747 vero
749 1691 811 1763 est,
857 1686 1037 1764 episcopum
1069 1702 1089 1743 a
1122 1682 1270 1745 defuncta

344 1787 456 1847 uxore,
486 1768 519 1827 id
547 1774 609 1845 est,
638 1788 657 1827 a
684 1788 746 1828 nou
775 1783 888 1846 uxore,
916 1768 1012 1827 virum
1041 1767 1131 1826 unius
1162 1769 1269 1828 uxoris

344 1852 414 1933 dici,
435 1858 474 1928 et,
499 1860 533 1911 ut
521 1850 675 1929 ttalissit,
697 1851 842 1933 praecipi

366 1937 415 1999 39
437 1932 556 1996 Eadem
583 1933 731 1994 facilitate
754 1934 891 2011 diceres
919 1924 1099 2013 episcopum
1122 1951 1193 1992 esse
1215 1931 1268 1991 ad·

343 2018 489 2113 alterum,
518 2035 659 2094 avarum,
683 2024 719 2078 et
740 2018 885 2098 impium,
912 2034 931 2075 a
953 2016 1097 2079 defuncta
1119 2006 1269 2095 adultera,

343 2101 452 2181 rapina
474 2107 505 2159 et
523 2101 692 2197 impietate

360 2186 409 2247 40
433 2182 499 2243 Neo
521 2183 780 2243 minusludaeum
803 2189 855 2243 aut
868 2179 1022 2243 Gentilem
1045 2200 1115 2241 esse
1138 2180 1270 2261 diceres,

294 2301 297 2306 ν
344 2286 363 2327 a
385 2270 505 2327 mortua
528 2265 760 2327 circumcisione
782 2273 814 2327 et
832 2264 1018 2326 idololatria

363 2353 414 2413 41.
437 2352 483 2411 De
506 2351 628 2410 vivente
652 2351 744 2431 igitur
766 2357 797 2409 e
820 2347 1022 2421 cohabitante
1051 2365 1148 2408 uxore
1171 2348 1270 2427 loqui·

344 2440 400 2531 tur,
423 2433 546 2513 quaudo
571 2442 690 2493 mortua
712 2452 773 2494 non
798 2434 895 2513 magis
919 2439 966 2492 est
987 2450 1081 2510 uxor,
1111 2449 1202 2510 quam
1227 2432 1271 2491 la-

343 2516 391 2597 pis
413 2524 444 2576 et
465 2517 591 2595 lignum.
1273 2566 1279 2583 ,

364 2602 416 2662 42.
441 2599 481 2658 Et
504 2599 598 2659 Paulo
627 2600 719 2659 moris
742 2595 797 2679 sit,
769 2596 999 2658 tdefunctae
1031 2596 1136 2656 uxoris
1169 2596 1268 2659 virum

344 2680 446 2761 potius
468 2682 650 2743 liberumet
679 2683 812 2742 solutum
843 2680 880 2743 ab
905 2699 1002 2741 uxore
1024 2678 1144 2757 dicere,
1178 2678 1270 2743 Rom.

344 2770 373 2845 7,
399 2768 425 2827 1.
450 2764 587 2829 Corinth
545 2769 632 2843 17,
657 2764 744 2845 quod
762 2771 793 2826 et
814 2784 863 2825 res
885 2765 954 2843 ipsa
976 2760 1133 2859 loquitur.

365 2851 415 2913 43
438 2848 504 2909 Nec
526 2849 638 2909 Paulus
662 2850 750 2909 dicit:
793 2848 924 2939 Oportet
960 2848 1137 2942 episcopum
1174 2846 1270 2909 fuisse

346 2934 434 2991 unius
455 2933 559 2992 uxoris
583 2933 691 3011 virum,
724 2930 779 2993 sed
803 2950 872 2991 esse
895 2937 1018 3011 oportet
1040 2932 1137 3009 unius,
1160 2930 1270 3011 lnquit,

344 3018 449 3076 uxoris
473 3017 577 3078 virum

364 3101 414 3161 44.
439 3099 533 3162 Stat·
525 3100 566 3179 rgi
570 3106 627 3176 tur,
649 3099 734 3159 Pauli
747 3098 873 3159 verbum
886 3116 955 3157 esse
969 3096 1066 3177 magis
1081 3114 1119 3155 ne
1142 3096 1269 3173 alivum,

345 3200 408 3242 non
431 3182 469 3243 de
492 3181 647 3261 digamia,
676 3181 736 3241 sed
754 3179 793 3241 de
816 3200 895 3261 vaga
917 3178 1043 3240 libidine
1064 3114 1267 3259 prohibenda„

366 3265 416 3328 40.
440 3264 473 3325 Si
495 3265 577 3324 aliud
603 3265 651 3324 his
674 3266 775 3324 verbis
806 3266 1019 3343 extorquetur,
1059 3280 1188 3322 necesse
1212 3271 1271 3339 est,

345 3349 529 3426 violentum,
557 3347 700 3428 dubium,
729 3346 918 3426 infidamque
940 3364 996 3427 pro
1018 3343 1174 3408 fulcienda
1196 3362 1271 3405 con-

344 3432 474 3492 scientia
493 3432 679 3511 extorqueri

365 3518 414 3579 46.
438 3515 504 3575 lmo
526 3514 635 3574 falsum
659 3534 728 3575 esse
750 3512 916 3573 convincet
904 3512 986 3572 tvel
1001 3510 1181 3579 unicaha'ec
1195 3530 1271 3590 vox,

346 3590 551 3681 ἀνέγκλητος,
572 3598 634 3657 hoc
656 3604 711 3675 est,
734 3588 960 3657 inaccusabilis.

366 3683 417 3744 47.
440 3679 509 3755 Quo
532 3682 626 3741 verbo
649 3699 779 3740 necesse
802 3686 848 3739 est
870 3680 983 3737 crimen
997 3676 1174 3773 prohiberi,
1184 3674 1270 3756 quod

345 3763 454 3843 gentes
477 3764 624 3842 offendat,
602 3770 677 3823 tet
698 3762 799 3822 malae
821 3764 860 3821 sit
883 3760 964 3841 apud
987 3776 1039 3821 eas
1061 3760 1185 3901 speqiei

365 3847 417 3907 48.
439 3847 599 3925 Nunquam
623 3865 697 3906 vero
720 3846 835 3905 iactum
859 3845 909 3903 vel
931 3844 1016 3923 audit
1004 3850 1065 3904 turn
1089 3850 1137 3903 est
1142 3842 1272 3923 ,diga-

346 3946 413 3988 mos
435 3928 518 4008 apud
539 3938 647 4009 gentes
669 3929 869 4027 criminosos,
895 3944 932 4019 ac
955 3946 1019 3988 nou
1048 3934 1103 4007 pot
1103 3927 1150 3985 ius
1172 3924 1273 3986 hono-

346 4017 429 4071 ratos
450 4010 566 4072 haberi.
