3159 4792
562 474 596 529 de
614 474 747 545 ecelesiae
766 483 914 547 potestate.
1134 474 1197 545 375

319 663 369 728 10.
391 660 443 723 Sic
462 668 575 745 aman,
599 670 634 726 ut
653 661 756 748 hae1)
780 664 975 726 ceremoniae
987 684 1051 728 non
1064 671 1201 747 pugnent

261 744 412 827 ,articulis
435 743 516 828 fidei,
539 755 591 808 aut
613 748 786 829 praeceptis
809 767 946 827 operum.
1153 806 1155 810 ,

318 832 369 891 11.
391 828 494 889 Etiam
508 832 563 910 sio,
587 839 620 892 ut
630 833 691 895 sint
703 830 742 892 de
761 831 910 911 possibili,
933 839 963 891 at
985 830 1067 910 quod
1088 832 1200 893 ineius

276 931 370 1058 ωε1112ιῖ
394 919 499 1058 ligitium
520 998 580 1077 sic,
603 1003 635 1059 ut
656 997 878 1059 conscientiam
910 1016 1010 1077 neque
1032 998 1128 1078 ligent
1148 1018 1200 1059 ne·

276 1097 338 1158 que
360 1077 492 1144 turbent.

320 1161 370 1225 13.
391 1160 494 1223 Etiam
515 1164 570 1238 sio,
594 1171 627 1223 ut
648 1163 851 1243 temporales,
875 1182 938 1225 non
960 1171 1128 1244 perpetuae
1148 1164 1200 1224 ha-

277 1242 427 1324 beantur,
457 1246 596 1325 quolibet
619 1245 668 1308 die
691 1253 724 1310 et
744 1267 818 1307 casu
842 1246 1021 1326 mutabiles,
1049 1254 1081 1307 et
1102 1248 1202 1309 omitti

277 1333 592 1472 poppnte5,efibatum
626 1419 679 1472 aut
713 1419 788 1473 vota
820 1432 898 1493 nonx
915 1418 1019 1491 potest
1055 1412 1202 1473 mandare

278 1512 338 1555 nec
360 1493 498 1574 sibiipsi
519 1494 643 1574 quidem
677 1496 827 1572 ecclesia,
858 1495 953 1556 multo
990 1496 1089 1581 minus
1123 1496 1201 1575 aliis,

280 1596 351 1637 cum
376 1596 437 1639 non
461 1578 575 1639 sintin
598 1580 663 1639 eius
687 1598 788 1639 manu.

324 1662 373 1723 15.
394 1658 537 1723 Ecclesia
559 1680 633 1722 vero
656 1670 703 1721 eat
726 1680 868 1721 numerus
891 1681 946 1721 seu
969 1660 1113 1721 collectio
1130 1661 1202 1741 bap·

278 1742 440 1803 tinctorum
463 1750 494 1804 et
515 1742 704 1805 credentium
728 1743 783 1805 sub
807 1754 867 1804 u‘no
897 1736 1038 1824 pa'store,
1067 1745 1132 1805 sive
1164 1745 1204 1805 sit

278 1826 368 1921 unius
392 1827 541 1906 civitatis,
576 1828 641 1888 sive
672 1829 765 1889 totius
787 1828 983 1907 provinciae,
1017 1828 1083 1897 sive
1110 1828 1203 1889 totius

280 1908 376 2056 Ulli..
400 1990 429 2053 Ia
453 2000 558 2073 pastor
580 1969 634 2055 seu
661 1994 816 2073 praelatus
845 1993 920 2054 nihil
947 1992 1042 2054 habet
1070 1999 1204 2055 statuere

282 2071 459 2171 (quianon
481 2083 528 2137 est
549 2076 699 2151 eeclesia]
732 2078 790 2137 nisi
824 2078 1037 2157 consentiente
1070 2096 1126 2136 aua
1154 2094 1204 2136 eo-

279 2158 383 2306 ⁰101?
394 2240 503 2303 Pastor
523 2240 639 2303 hortari
661 2249 692 2303 et
712 2241 898 2323 persuadere
922 2248 1025 2323 potest
1040 2241 1202 2320 ecclesiae,

280 2332 313 2386 ut
344 2325 535 2401 consentiat,
568 2326 659 2385 certis
692 2324 869 2406 urgentibus
903 2325 1020 2402 causis,
1055 2323 1113 2384 sibi
1146 2324 1205 2405 ipsi

279 2408 442 2490 ieiunium,
475 2408 582 2487 ferias,
613 2427 736 2489 preces,
770 2415 824 2469 aut
850 2409 926 2469 alias
955 2408 1146 2469 ceremonias
1173 2408 1203 2467 in

283 2499 405 2587 tempus
425 2490 607 2571 imponere,
635 2499 666 2552 et
693 2512 813 2553 rursum
843 2492 893 2553 ubi
923 2492 1008 2553 volat
1035 2498 1152 2551 mutare
1173 2498 1204 2553 et

283 2581 537 2721 Olllblergrbculi
565 2656 637 2718 fidei
660 2667 690 2720 et
711 2664 879 2739 praecepta
901 2677 1027 2738 operum
1049 2676 1111 2719 non
1134 2676 1204 2737 pos·

284 2740 503 2884 pppttarrputari,
533 2742 728 2801 ceremoniae
755 2761 830 2804 vero
854 2740 968 2803 debent
988 2760 1043 2819 pro
1067 2750 1206 2819 tempore

327 2908 376 2971 19.
405 2904 498 2967 Nulla
525 2905 582 2968 fuit
603 2904 718 2967 ruditas
740 2911 771 2965 et
791 2905 919 2967 asinitas
942 2905 1038 2963 maior
1062 2921 1205 2983 unquam,
1299 2965 1304 2979 ,

285 3008 377 3070 quam
398 2987 599 3068 Papiatarum,
622 2986 673 3068 qui
695 2989 887 3049 ceremonias
904 3006 961 3067 pro
976 2986 1111 3046 articulis
1123 2982 1205 3062 fidei,

286 3071 399 3134 deinde
419 3071 643 3152 immutabiles,
666 3080 697 3133 at
717 3092 811 3131 unum
834 3070 1001 3130 membrum
1024 3066 1205 3129 Pontificem

286 3154 386 3219 solnm
409 3161 594 3235 potestatem
616 3155 697 3216 hanc
719 3154 833 3215 habere
855 3151 1014 3215 derudunt.

328 3241 379 3305 20.
409 3236 500 3297 Nulla
521 3237 577 3298 fuit
597 3237 734 3301 haeresis
766 3244 797 3297 et
825 3236 941 3297 malitia
968 3235 1083 3312 maior,
1115 3253 1205 3313 quam

286 3323 497 3403 Papiatarum,
519 3322 571 3400 qui
592 3322 696 3383 omnia
716 3322 747 3381 in
772 3322 877 3381 omnia
899 3320 1062 3382 miscentes
1084 3324 1116 3378 et
1137 3336 1208 3379 con-

286 3404 451 3468 fundentes
471 3403 606 3465 articulis
636 3423 727 3484 pares
756 3403 947 3465 ceremonias
975 3400 1117 3464 iaciendo
1140 3420 1206 3479 reg-

288 3508 361 3549 num
383 3486 570 3548 liberrimum
585 3485 696 3548 Christi
717 3486 786 3566 plus
809 3505 899 3565 quam
915 3482 1062 3546 servitute
1072 3482 1207 3564 Aegypti

290 3580 322 3633 et
343 3568 512 3650 Babylonis
534 3576 761 3650 oppresserunt.

331 3657 382 3718 21.
405 3652 585 3714 Haereticus
607 3652 666 3712 dici
689 3671 750 3713 non
774 3658 886 3730 potest,
909 3652 959 3731 qui
982 3655 1090 3709 contra
1111 3648 1210 3708 eccle-

289 3740 356 3799 siae
377 3735 601 3798 ordinationem
624 3735 815 3796 ceremonias
837 3734 964 3805 ouiittit,
998 3732 1071 3791 licet
1093 3742 1211 3811 peccet,
1296 3794 1297 3797 ,

290 3828 325 3882 ut
345 3820 488 3902 promissi
510 3838 573 3882 non
596 3833 737 3879 servans.

365 4059 395 4127 1)
415 4056 531 4113 laedit.
552 4053 636 4122 crig.:
655 4067 713 4106 eac.
