3159 4792
347 493 418 566 Μ’
675 498 757 555 Balla
774 502 875 555 uenis
893 502 924 554 Χ.

350 686 526 768 domme),
547 688 654 751 haruin
687 691 767 752 serie
795 690 988 751 decernimus
1019 694 1051 749 et
1071 686 1274 768 deelaramus,

349 771 567 845 inhibentesd)
591 775 621 834 in
652 776 762 836 virtme
783 781 911 835 sanetae
932 772 1129 834 obedientiae
1159 790 1198 831 ae
1219 770 1275 832 s'ub

352 856 479 916 maioris
493 859 821 919 exeommuni'eatiouis
835 858 916 917 latae
937 857 1119 933 sententiae,
1142 873 1274 915 neenon

351 938 454 1017 quoad
476 940 703 1002 amlesiastiens
724 949 757 1002 et
776 941 934 1021 regulares
954 957 1123 1019 personas,
1146 938 1275 1018 Episto-

351 1021 507 1164 paliume)
532 1026 688 1102 omnium,
710 1026 802 1087 etiam
825 1022 1097 1099 Patriarolrellum,
1118 1022 1276 1103 Metropo-

363 1107 513 1177 itanaram
537 1112 569 1167 et
588 1107 717 1168 aliarum
734 1106 955 1169 eatbedralium
976 1106 1190 1183 ecelesiarum,
1212 1105 1277 1166 Mo·

350 1188 554 1250 suanorum
577 1209 700 1270 quoque
721 1200 754 1252 et
772 1192 982 1267 Priorntuum,
1018 1190 1109 1249 etiem
1133 1188 1276 1250 Conven-

350 1271 493 1348 tualium,
514 1281 547 1333 et
566 1272 854 1356 quorumeunquef)
871 1273 1055 1355 dignitatum
1084 1281 1137 1332 aut
1159 1270 1275 1331 benefi-

350 1355 467 1416 oiorum
490 1356 781 1435 ecelesiasticorum,
803 1357 996 1434 secularium,
1018 1363 1072 1416 aut
1092 1355 1276 1435 quorumvis

352 1437 492 1500 ordinum
514 1440 715 1517 regularium,
750 1441 930 1521 privationis
961 1446 992 1499 et
1012 1437 1214 1499 inhabilitatis
1237 1436 1275 1497 ad

351 1523 405 1588 illa
422 1528 458 1581 et
477 1521 539 1585 alia
560 1524 591 1583 ln
615 1531 772 1603 posterum
796 1523 971 1585 obtinenda.

392 1609 430 1679 a)
453 1604 501 1665 Ne
521 1604 648 1667 abutare
668 1615 824 1688 potestate
845 1616 898 1667 trra
918 1607 949 1666 in
961 1604 1143 1685 Evangelio.
1167 1604 1276 1665 Memi-

393 1689 474 1749 neris
495 1695 598 1750 autem
620 1691 706 1750 iuxta
727 1690 859 1752 eundem
880 1688 1022 1763 Paulum,
1051 1687 1127 1747 nihil
1149 1686 1277 1747 damna·
1397 1706 1398 1733 ÷

352 1834 356 1843 ,
393 1750 487 1831 tidnis
510 1791 580 1833 esse
600 1774 648 1851 iis,
672 1775 722 1852 qui
746 1781 818 1835 sunt
839 1775 869 1833 in
892 1772 1013 1833 Olrristo
1035 1770 1114 1845 lesu,
1137 1772 1189 1849 qui
1212 1790 1277 1833 non
1397 1782 1398 1851 t

392 1853 552 1915 ambulant
573 1856 740 1917 seeundum
769 1876 903 1917 earnem.
941 1854 977 1935 b)
1002 1853 1081 1914 Vide
1104 1854 1185 1933 Leo,
1221 1854 1277 1915 Dei
1397 1862 1398 1867 ’

393 1938 588 1998 autoritatem
612 1957 673 2019 quo
693 1940 725 1999 in
748 1940 830 2001 taeto
854 1956 979 2019 arroges
1002 1937 1064 2011 tibi,
1087 1944 1121 1996 et
1140 1956 1181 1997 ne
1203 1937 1278 1998 abu·
1397 1976 1398 1987 κ

393 2021 465 2079 teris
487 2027 652 2099 potestate,
675 2041 765 2101 quam
785 2022 890 2083 tribuit
901 2022 956 2082 tibi
969 2021 1122 2081 Dominus
1141 2021 1173 2080 in
1194 2020 1279 2080 aedi-

392 2101 579 2181 ficationem,
602 2124 666 2165 non
687 2107 717 2166 in
741 2106 990 2167 destinationem.
1034 2103 1125 2165 Oerte
1146 2103 1199 2183 qui
1223 2124 1278 2184 po-

394 2193 536 2247 testatem
569 2186 702 2249 adsumit
733 2189 790 2249 sibi
829 2190 957 2265 iniuste,
994 2186 1103 2267 odium
1134 2194 1279 2249 meretur.

392 2268 494 2331 Etiam
531 2278 687 2333 memento
704 2292 767 2333 non
805 2291 874 2333 esse
905 2273 938 2331 iu
960 2270 1093 2331 hominis
1122 2276 1280 2349 potestate

393 2352 555 2413 eonsilium
577 2355 648 2431 Dei,
671 2356 721 2434 qui
746 2356 905 2417 veritatem
927 2354 1063 2432 requirit,
1086 2353 1282 2415 etretribuet
1397 2400 1398 2419 t

393 2435 586 2497 abundanter
606 2437 789 2499 iacientibus
822 2434 1006 2518 superbiam.
1050 2434 1086 2519 e)
1108 2436 1192 2497 Nihil
1216 2436 1280 2497 elli·
1397 2449 1398 2521 l

388 2519 466 2579 rues.
510 2518 547 2584 dl
573 2520 643 2582 Non
666 2540 842 2597 movemur,
877 2522 949 2601 quia
968 2520 1165 2599 ,non-sapis,
1199 2538 1281 2599 quae
1397 2546 1398 2553 ¹

370 2612 465 2661 ¹sunt
485 2602 558 2680 Dei,
587 2602 641 2663 sed
664 2622 744 2682 quae
765 2612 836 2683 sunt
857 2604 1026 2664 hominum.
1048 2602 1085 2685 a)
1107 2602 1209 2683 Regni
1233 2604 1279 2663 sui

392 2686 548 2763 satrapias
582 2695 753 2750 enumerat.
799 2688 833 2765 t)
856 2686 968 2748 Omnia
1003 2685 1105 2747 deleta
1150 2686 1280 2765 mavult,

393 2784 485 2845 quam
507 2770 634 2848 rapinae
655 2790 728 2831 suae
749 2772 960 2833 intercessum.
1057 2792 1060 2803 ¹*
1100 2796 1103 2803 ¹

435 2848 505 2924 Quo
526 2870 600 2913 vero
621 2852 662 2914 ad
684 2854 878 2933 Conventus,
918 2852 1061 2933 Oapituls
1082 2870 1136 2912 sau
1166 2852 1280 2914 domos

352 2945 408 2993 aut
422 2934 474 3013 pia
488 2934 568 3012 loea,
590 2936 782 3014 secularium,
804 2937 860 2999 vel.
871 2936 1066 3018 regularium,
1086 2936 1179 2996 etiam
1197 2956 1283 2997 men·

354 3014 536 3094 dieantium,
576 3038 635 3079 nee
661 3038 725 3081 aon
746 3020 964 3082 Universitatis
992 3020 1085 3079 otiam
1107 3018 1280 3081 studiorum

353 3101 554 3177 generalium,
577 3120 832 3183 quorumeunque,
842 3103 1080 3183 privilegiorum,
1091 3101 1282 3164 indultorum

353 3201 373 3240 a
393 3181 516 3264 Sedes)
547 3185 731 3265 Apostoliea
761 3187 810 3248 vel
844 3187 909 3247 eius
937 3186 1078 3265 legatis,
1112 3193 1165 3246 aut
1205 3186 1283 3247 alias

354 3266 629 3343 quomodolibet¹)
654 3270 828 3331 habitorum
846 3270 902 3330 >vel
924 3269 1143 3345 obtentorum,
1182 3271 1283 3331 euius·

355 3365 475 3429 eunque
497 3352 613 3412 tenoris
635 3353 782 3415 existant:
806 3372 863 3413 neo
881 3372 947 3415 *nou
971 3352 1118 3427 nominis,
1141 3359 1176 3412 et
1197 3361 1283 3433 pote-

354 3432 441 3493 statis
456 3432 487 3503 ²)
505 3433 646 3497 ‚studium
670 3437 817 3517 generale
839 3435 980 3512 tenendi,
1017 3436 1157 3517 legendi,
1177 3456 1219 3497 ao
1241 3439 1284 3497 in-

355 3517 542 3595 terpretandi
564 3520 688 3596 quasvis
709 3519 855 3581 soientiss
878 3526 913 3580 et
932 3519 1093 3579 faeultstes
1112 3526 1144 3579 et
1164 3520 1284 3581 inhabi-

355 3598 449 3660 litatis
471 3599 510 3659 ad
534 3600 597 3677 illa,
619 3610 651 3661 et
671 3602 733 3661 alia
755 3604 786 3663 in
809 3610 966 3682 posterum
987 3602 1172 3665 obtinenda:
1197 3624 1285 3684 prae-

356 3680 519 3744 dieationis
542 3701 664 3763 quoque
684 3684 788 3762 offitii,
811 3704 854 3748 ao.
870 3686 1045 3748 amissionis
1068 3686 1159 3747 studii
1190 3708 1285 3769 gene-

323 3787 327 3798 *
355 3764 427 3825 ralis
448 3773 481 3827 et
502 3768 638 3827 omnium
662 3769 894 3850 privilegiorum
918 3769 1064 3829 eiusdem.
1119 3793 1133 3805 ··

428 3951 513 4019 1)1n
543 3955 606 4009 eut
632 3955 756 4011 uanos:
794 3918 856 4011 triu
885 3944 1087 4026 autmarus.
1125 3959 1173 4021 ar
1195 3960 1282 4017 rua:

356 4024 475 4092 piatatis·
554 4051 568 4069 ··
702 4065 706 4080 ,
829 4048 831 4053 ·
918 4050 930 4068 v
987 4044 1049 4081 πω
