3159 4792
505 528 510 535 ·
568 508 603 562 ad
622 508 787 563 Sehadultm
805 509 987 565 inhibitionis.
1154 507 1216 575 143

293 695 379 757 modi
402 696 528 757 consilii
550 698 699 777 potentia,
722 704 754 758 et
774 704 883 778 optare
895 699 1051 778 quippiam
1064 697 1215 780 taletieti,

294 786 341 839 eat
365 778 594 841 schismaticum
618 788 649 840 et
671 781 897 858 seandalosum,
920 781 1039 842 neone?
1066 780 1145 856 Quid
1167 782 1218 841 hia

290 862 485 947 respondes?
522 869 648 924 taoesne
671 884 769 943 nuno,
791 864 928 924 invidia?
966 865 1137 945 responde,
1171 866 1215 925 in·

290 964 393 1025 quam.
438 945 470 1007 st
491 946 578 1026 loqui
610 953 640 1007 et
662 948 795 1008 seribere
824 947 864 1008 de
884 953 1039 1028 potestate
1060 944 1215 1008 statuendi

290 1030 324 1087 in
343 1028 448 1089 futuro
472 1030 605 1091 coneilio
624 1031 852 1092 schismaticum
870 1037 918 1091 est
938 1039 970 1090 et
984 1031 1212 1110 scandalosum‚

291 1110 432 1171 damnati
455 1119 527 1173 sunt
548 1113 587 1173 ab
608 1113 655 1172 hie
677 1114 878 1175 schedulariis
900 1131 1009 1175 omues
1027 1115 1167 1195 theologi
1184 1124 1215 1175 et

292 1196 432 1273 iurietae,
456 1197 528 1274 quin
558 1204 590 1256 et
611 1198 736 1277 ipsimet
756 1205 829 1258 sunt
856 1198 1042 1259 schismatici
1071 1206 1102 1258 et
1129 1215 1215 1258 soan-

290 1277 404 1357 daloai,
426 1280 543 1359 proprii
565 1282 626 1339 oris
658 1283 853 1359 testimonio,
881 1282 931 1361 qui
959 1288 1021 1341 tam
1055 1281 1150 1341 multa
1171 1282 1215 1342 lo·

289 1368 434 1440 quuntur,
458 1361 603 1441 scribunt,
624 1364 741 1424 iaetant
753 1364 791 1425 de
804 1370 959 1444 potestate
976 1382 1077 1444 papae
1099 1368 1214 1425 steon-

290 1444 444 1524 oiliorum,
467 1464 545 1524 quae
566 1452 669 1507 tamen
691 1447 828 1508 nondum
850 1448 932 1509 fasta
954 1455 1038 1527 sunt,
1068 1464 1127 1508 nea
1147 1446 1213 1508 fleri

289 1527 373 1607 lieet,
395 1526 499 1588 donea
520 1529 704 1591 ordinentur.

372 1610 439 1672 Iam
469 1628 600 1691 sequens
629 1615 701 1689 erit,
733 1614 842 1675 horum
880 1616 1012 1676 virorum
1049 1612 1215 1693 superdon-

290 1695 484 1785 tissimorum¹
503 1697 676 1773 autoritate,
698 1696 863 1757 Lutherum
885 1697 1034 1757 haetenus
1056 1713 1212 1776 pugnasse

289 1777 371 1837 ietioi
396 1784 564 1857 sanataque
587 1799 705 1860 pugna,
727 1798 791 1841 non
813 1781 873 1840 nisi
895 1780 1042 1840 adversus
1065 1780 1213 1838 sohisma·

290 1862 369 1921 tiooe
393 1867 425 1921 et
446 1861 664 1942 scandalosos,
694 1882 749 1924 eos
772 1864 904 1941 scilieet,
941 1864 993 1942 qui
1025 1866 1211 1943 potestatem

289 1962 392 2023 papae
430 1945 461 2003 in
497 1948 722 2026 purgatorium,
756 1948 787 2007 in
822 1946 959 2025 eoelum,
993 1948 1025 2006 in
1061 1946 1212 2006 internum

292 2045 386 2107 supra
409 2030 591 2109 oonoitium,
624 2048 715 2109 super
745 2032 850 2090 omnia
876 2030 981 2090 mundi
1013 2031 1213 2090 constituunt.

291 2110 358 2169 Neo
373 2108 405 2169 id
429 2110 546 2171 iaoiunt
568 2112 735 2173 scribentes
759 2113 870 2193 solum,
892 2112 948 2173 sed
970 2112 1160 2173 affirmantes
1183 2120 1215 2171 et
1238 2138 1245 2149 ⁴

291 2192 441 2253 donantes
466 2194 568 2274 (quod
590 2214 650 2275 ego
672 2198 702 2255 in
724 2198 881 2276 praesenti
902 2198 1030 2277 negotio
1059 2214 1120 2256 non
1143 2195 1212 2272 feei,

290 2276 344 2337 aad
367 2282 485 2337 tantum
509 2285 614 2339 votum
637 2298 736 2339 meum
767 2280 874 2360 posui,
912 2286 943 2339 et
970 2279 1135 2340 eonsilium
1157 2298 1208 2337 ex-

290 2362 468 2440 speetavi)‚
502 2379 581 2440 quae
603 2369 704 2423 tamen
733 2362 872 2423 nondum
893 2371 964 2422 sunt
985 2368 1113 2440 statuta,
1153 2379 1211 2420 nee

289 2460 424 2522 unquam
447 2443 526 2505 forte
544 2451 724 2506 statuentur.
754 2448 794 2507 Et
815 2445 888 2525 quid
909 2445 1034 2507 moror?
1056 2445 1103 2504 his
1125 2442 1210 2504 theo·

289 2526 487 2607 logiaissimis
508 2530 580 2587 viria
602 2528 875 2609 repentinorum,
897 2536 930 2589 ut
951 2530 1023 2609 quia
1044 2528 1212 2588 defuturis

288 2618 319 2669 et
339 2610 538 2689 possibilibus
560 2612 645 2690 loqui
667 2632 730 2673 non
752 2614 835 2690 lieet,
857 2630 916 2673 neo
936 2620 1053 2693 optare.
1083 2612 1210 2671 Desina-

289 2712 356 2753 mus
390 2692 544 2754 Christum
579 2703 610 2755 et
643 2696 741 2756 Deum
770 2696 968 2777 praedicare,
1013 2716 1052 2755 ne
1086 2693 1210 2774 quando

288 2776 476 2837 schismatici
507 2775 616 2838 flamus
662 2788 693 2839 et
734 2779 926 2858 seandalosi3
965 2778 1077 2840 deinde
1109 2796 1210 2857 neque

289 2859 383 2920 liaaat
407 2866 515 2940 optare
538 2867 569 2921 et
589 2867 704 2941 petere,
727 2882 807 2943 quae
825 2864 909 2923 Deus
930 2864 961 2921 in
984 2862 1085 2922 futuro
1107 2869 1211 2942 potest

287 2943 400 3003 faeere.
449 2942 605 3023 Siquidem
633 2964 692 3027 ego
722 2946 806 3006 aliud
838 2964 901 3006 non
932 2946 1005 3020 feei,
1038 2946 1096 3003 nisi
1126 2942 1209 3023 quod
1284 2970 1287 2973 ·

212 3080 221 3089 .
288 3026 395 3106 optavi
423 3024 505 3103 fieri,
534 3045 614 3106 quae
643 3028 776 3090 eoelesia
805 3028 906 3089 futuro
945 3027 1077 3087 oonsilio
1106 3029 1210 3105 potest

287 3110 401 3170 iacere.
436 3109 478 3170 m
495 3110 555 3171 hao
576 3131 658 3172 nova
680 3112 771 3193 eulpa
794 3130 860 3171 sum
882 3110 1093 3187 seandalosus,
1116 3108 1210 3169 sohis·

291 3194 432 3271 matious,
450 3196 638 3273 temerarius,
661 3190 945 3276 praesumptuosus,
967 3192 1136 3255 turbativus
1156 3208 1210 3272 pa·

288 3278 345 3337 sis.
390 3276 496 3357 Vides,
518 3277 641 3356 invidia¹
665 3298 755 3358 quam
778 3281 821 3339 sis
841 3277 975 3358 prudens
998 3283 1030 3338 et
1050 3276 1152 3336 doato.

369 3358 450 3435 Quid
473 3362 498 3421 ai
522 3361 665 3439 dicerem,
688 3363 762 3423 mihi
782 3360 945 3443 pulehrum
966 3361 1079 3440 videri,
1109 3365 1142 3419 ut
1163 3375 1208 3418 sa·

288 3442 464 3505 aerdotibus
505 3448 616 3505 auratis
654 3464 765 3507 uxores
801 3438 1012 3506 redderentur
1044 3444 1209 3504 autoritate

286 3526 436 3587 eoneilii?
471 3526 519 3589 An
546 3529 597 3587 hio
619 3530 832 3590 schismaticus
855 3529 1108 3589 etsaanda10sus
1130 3538 1207 3602 aum,

287 3608 392 3671 dicens
414 3610 476 3671 hoo
497 3630 546 3671 me
569 3618 693 3691 optare,
728 3612 815 3692 quod
843 3613 977 3674 ecelesia
999 3618 1101 3692 potest
1122 3626 1209 3689 prae-

287 3700 368 3754 stare
391 3693 460 3753 sola
484 3694 541 3753 hae
563 3712 671 3774 eausa,
694 3698 765 3775 quia
786 3696 924 3756 nondum
946 3701 994 3755 est
1010 3699 1155 3755 statutum
1178 3699 1210 3754 et

286 3776 374 3837 aliter
396 3793 478 3837 nuuo
505 3778 625 3859 agitur?
662 3780 703 3838 At
735 3787 808 3839 tuno
829 3780 915 3838 Pium
936 3779 991 3857 11.,
1022 3780 1107 3838 auius
1129 3776 1210 3838 hasa

287 3878 349 3920 vox
370 3861 435 3937 fuit,
458 3860 685 3922 schismatioum
704 3862 790 3925 diaes
803 3869 844 3923 et
855 3862 1082 3928 seandalosum.
1105 3861 1208 3941 Atque

286 3940 344 4001 haa
365 3944 486 4004 ratione
508 3945 583 4004 nihil
605 3944 698 4006 liceat
718 3946 822 4007 dicare
851 3946 891 4007 de
919 3946 983 4024 his,
1015 3965 1094 4025 quae
1115 3948 1208 4006 statui

288 4032 418 4103 possunt
438 4026 538 4088 futuro
561 4046 747 4109 quoeunque
768 4030 912 4107 oonsilio,
933 4037 967 4091 at
987 4029 1097 4090 tolient
1117 4029 1207 4091 nobis
