3159 4792
369 506 432 573 802
714 514 795 568 suin
813 513 911 567 teoni
931 514 963 568 x.

450 698 636 759 carnationis
649 698 825 763 dominicae
835 700 875 761 M.
889 700 925 761 D.
940 700 1012 765 XX:
1018 703 1067 783 ti.
1077 700 1208 763 Kalend.
1216 702 1293 781 Iulii,

452 780 652 841 Pontificatus
674 784 771 843 nostri
794 801 877 844 anno
900 791 1026 847 octavo.
1085 830 1088 837 .

826 868 900 929 Visa
923 868 957 929 R.
980 866 1158 929 Milanesius
1188 858 1189 861 ’

1032 950 1230 1031 Aibergatus.

697 1112 746 1175 Ad
768 1114 905 1177 Leonem
926 1115 965 1179 X.

377 1343 382 1351 ¹
446 1276 532 1338 Haec
553 1296 645 1357 super
666 1278 756 1339 Bulla
776 1286 829 1341 tua
850 1279 1030 1361 habuimus,
1052 1279 1195 1340 Pontifex
1219 1278 1291 1355 Leo,

367 1377 458 1439 quam
491 1360 668 1439 praestabat
696 1362 816 1423 Romae
843 1364 995 1424 contineri
1037 1360 1119 1443 apud
1146 1366 1289 1425 sanctum
1314 1423 1324 1427 -

366 1440 505 1520 Petrum,
536 1451 568 1504 ut
589 1451 737 1524 perpetuo
760 1444 1006 1525 lateretpquam
1036 1452 1121 1507 tauto
1145 1464 1216 1505 cum
1235 1466 1290 1526 ,pu-

367 1523 442 1587 dore
482 1527 525 1603 (si
555 1534 586 1586 te
620 1527 712 1587 modo
743 1527 838 1608 pudet
870 1528 1050 1598 dedecoris)
1085 1529 1167 1589 foras
1199 1536 1232 1588 et
1259 1530 1289 1588 in

366 1607 465 1667 lucem
488 1610 595 1671 emitti.
639 1608 742 1684 Quare
773 1630 812 1673 ne
841 1630 903 1671 non
927 1632 1049 1692 semper
1068 1610 1184 1691 aliquid
1207 1619 1290 1672 recte

366 1708 545 1753 moneamus
568 1700 608 1769 te,
630 1696 759 1773 pretium
773 1714 888 1774 operae
911 1702 967 1774 est,
986 1696 1039 1757 isti
1053 1702 1124 1755 tuae
1145 1695 1289 1755 licentiae

365 1773 489 1833 modum
513 1779 657 1854 statuere,
681 1789 712 1835 et
732 1776 905 1857 petulantes
928 1777 1016 1837 huius
1039 1778 1160 1858 generis
1183 1778 1289 1837 Bullas

363 1856 501 1937 frenare,
531 1863 570 1917 rie
592 1859 660 1938 plus
682 1878 782 1939 aequo
806 1880 840 1921 se
870 1858 1043 1941 effundant,
1072 1860 1183 1921 Paulus
1205 1860 1290 1921 iubet

363 1940 456 2000 etiam
478 1961 497 2000 a
518 1942 623 2020 specie
646 1943 716 2002 mali
739 1942 893 2003 abstinere
916 1951 961 2021 te,
992 1949 1077 2003 tanto
1110 1944 1210 2002 minus
1234 1942 1286 2004 de·

363 2021 417 2083 bes
439 2023 577 2104 apertum
600 2029 630 2084 te
652 2022 870 2086 offendiculum
892 2027 1042 2107 praebere
1064 2026 1180 2105 populo
1199 2026 1285 2086 Obri-

361 2106 479 2184 stiano,
517 2108 564 2166 cui
597 2108 657 2167 iam
691 2128 871 2189 persuasum
904 2110 961 2189 ipsi
997 2128 1120 2189 quaque
1158 2114 1220 2185 ast,
1257 2112 1286 2169 in

361 2186 528 2250 Germania
550 2194 744 2270 praesertim,
773 2211 812 2251 ex
833 2190 1063 2253 Pontificaiibus
1093 2192 1286 2253 constitutio-

364 2272 469 2349 nibus,
502 2279 535 2333 ut
567 2276 682 2335 nummi
710 2275 803 2355 vulgo
826 2283 911 2353 sunt,
949 2282 1034 2336 tanto
1059 2293 1213 2355 quamque
1236 2274 1285 2335 de·

363 2357 506 2416 terionem
540 2375 623 2434 esse,
662 2365 776 2435 quanto
817 2359 856 2417 sit
895 2360 1056 2419 recentior.
1106 2357 1177 2417 Noti
1212 2378 1284 2419 vero

364 2446 554 2500 commutare
564 2442 724 2499 veritatem
737 2440 794 2501 Dei
808 2443 838 2500 in
858 2440 1059 2518 mendacium,
1083 2452 1114 2501 et
1134 2440 1285 2501 humanas

363 2528 481 2581 vestras
520 2523 756 2583 constitutiones
797 2524 835 2585 ab
880 2526 1009 2584 avaritia
1044 2531 1075 2583 et
1115 2524 1285 2584 ambitione

363 2602 561 2747 deppomptas
607 2604 717 2665 divinis
765 2607 920 2687 praeferre
956 2606 1108 2667 mandatis
1155 2614 1186 2667 et
1229 2608 1285 2667 Dei

362 2705 417 2748 ver
438 2705 468 2749 o.
602 2703 605 2710 ·

446 2770 525 2832 Illud
551 2771 582 2830 in
612 2772 716 2852 primis
744 2772 876 2852 desiste,
909 2790 1017 2832 amore
1051 2772 1127 2831 lucri
1160 2770 1284 2833 divinae

363 2852 539 2933 Scripturas
560 2872 684 2915 sensum
705 2857 817 2935 iniquis
841 2855 1025 2935 detorquere
1047 2855 1164 2933 modis,
1193 2855 1285 2916 stab

362 2955 397 2998 se
418 2936 551 2999 alienum
573 2937 719 3017 reddere,
753 2958 790 2998 ac
817 2940 968 3001 fascinare
996 2936 1131 2997 fidelium
1156 2948 1285 3015 mentes,

362 3039 402 3080 ne
431 3022 549 3081 veritati
586 3022 740 3082 obediant.
789 3020 867 3082 Nam
904 3020 976 3100 quid
1009 3021 1131 3081 conaris
1151 3021 1180 3094 ¹)
1224 3028 1284 3081 tam
1399 3072 1400 3095 ,

363 3103 530 3164 manifestis
552 3105 611 3164 tuis
634 3103 759 3184 flagitiis
780 3104 854 3165 boni
877 3106 1010 3184 speciem
1034 3102 1192 3182 inducere,
1215 3123 1283 3165 cum
1399 3100 1400 3177 Τ

360 3187 494 3267 possim,
517 3187 594 3247 siin
618 3189 880 3248 concertationem
903 3206 953 3247 me
977 3185 1166 3267 perduxeris,
1190 3206 1283 3247 unum

360 3268 391 3328 in
415 3268 582 3330 Germania
603 3271 782 3349 episcopum
805 3269 969 3331 ostendere
992 3269 1149 3343 omnibus,
1179 3290 1198 3329 a
1223 3289 1282 3350 quo

360 3352 391 3411 vi
412 3369 450 3411 ac
470 3351 579 3412 fraude
599 3354 755 3413 extorsisti
778 3360 885 3433 quater
900 3354 1042 3433 sexagies
1058 3353 1142 3412 mille
1160 3372 1282 3414 aureos.

359 3433 417 3495 Est
437 3434 498 3495 hoc
519 3434 648 3495 tondere
672 3437 766 3496 oves?
788 3436 850 3497 Aut
865 3437 1011 3516 spelunca
1026 3436 1178 3495 latronum
1202 3436 1283 3497 facta

361 3525 409 3578 est
429 3517 540 3577 domus
561 3517 707 3578 Domini?

441 3600 580 3661 Tandem
604 3599 820 3680 cupiditatibus
842 3602 902 3662 tuis
925 3600 1053 3675 obsiste,
1076 3608 1169 3680 atque
1190 3602 1281 3662 istem

359 3690 498 3763 tempera
530 3684 731 3763 rapacitatem
773 3691 877 3760 tuam,
918 3682 1078 3745 confidens
1110 3687 1140 3743 in
1181 3685 1281 3746 verbis

362 3765 534 3845 mendacii,
570 3786 607 3826 ac
629 3766 733 3827 diceus
762 3765 916 3846 quotidie:
959 3766 1119 3846 Templum
1148 3767 1283 3845 Domini,

430 4032 463 4099 1)
484 4033 513 4084 ln
531 4032 574 4087 ed.
593 4032 668 4088 lem:
686 4035 805 4089 conans.
