3159 4792
549 518 656 575 addldo
673 521 705 576 l).
723 520 799 575 lus
817 522 938 577 tunm.
1169 522 1210 587 37

286 725 354 767 men
379 705 453 786 quid
475 708 616 784 valuerit,
638 715 670 768 et
691 715 765 774 tune
785 711 861 771 sotis
883 710 1021 788 ostendi,
1049 719 1082 771 et
1108 712 1209 773 mlius

283 790 360 849 satis
381 796 493 869 potero
515 791 689 867 ostendere,
708 812 770 853 nee
789 795 872 854 euim
883 794 1046 855 eonsilium
1058 792 1207 855 Nieenum

282 874 314 932 iu
336 873 553 935 omnibusbue
564 876 787 955 pertinentibus
803 877 939 937 articulis
961 884 1009 938 est
1027 878 1208 941 discussum.

281 956 353 1017 llos
374 957 456 1016 enim
479 966 546 1018 erat
567 959 642 1019 mibi
653 958 779 1039 Tydeus
788 960 938 1021 adversus
953 960 1208 1023 multossoeneos

283 1046 316 1099 et
336 1040 525 1119 stipuleeeos
547 1041 674 1120 milites,
703 1061 773 1103 eum
797 1043 933 1105 viderem
962 1050 1049 1105 tauto
1071 1046 1207 1105 omnium

282 1130 411 1202 stupore
433 1130 556 1185 montes
578 1126 783 1205 parturientes
805 1146 868 1188 non
890 1127 948 1187 nisi
961 1126 1121 1188 ridiculum
1145 1148 1207 1188 mu-

280 1224 348 1265 rem
382 1205 493 1284 edere,
522 1206 736 1289 displicuitque
771 1210 845 1270 mihi
884 1212 1032 1291 temporis
1074 1211 1207 1291 perditio

280 1290 370 1351 tanti.
405 1289 474 1350 Una
495 1293 576 1351 enim
599 1290 677 1353 hora
697 1294 851 1373 potuisset
871 1293 932 1354 hoe
944 1294 1063 1373 negotii
1085 1294 1208 1372 eonliei,

280 1372 341 1431 nisi
362 1372 535 1453 inmagines
557 1381 586 1435 el
609 1375 713 1435 saeees
727 1375 959 1439 Summisterum
982 1376 1047 1437 lere
1069 1379 1207 1438 omnium
1280 1427 1283 1441 .

279 1456 432 1517 recitante
455 1456 568 1534 Eooio,
596 1460 786 1537 oportuisset
806 1459 928 1535 audire,
960 1479 999 1521 ne
1033 1460 1208 1521 videremur

284 1543 398 1618 (quem
422 1541 558 1619 speeiem
581 1560 705 1622 semper
727 1548 760 1603 et
779 1544 959 1604 seuumime
973 1542 1203 1619 observabatis)

280 1622 367 1681 nolle
390 1627 530 1684 autnon
552 1642 649 1703 posse
669 1624 836 1705 disputare.
970 1680 975 1693 .

364 1703 429 1765 sed
451 1712 485 1766 ut
505 1706 615 1767 saltem
632 1713 665 1767 tu
688 1708 817 1785 eredas,
840 1728 888 1769 me
911 1708 1012 1769 adlluo
1032 1728 1127 1789 posse
1148 1709 1205 1769 ali·

277 1786 369 1866 quid,
393 1807 545 1849 neeesse
575 1790 775 1869 exhaustum,
805 1790 946 1852 ediioiam
976 1798 1008 1852 et
1034 1810 1094 1873 ego
1117 1810 1207 1853 eoro-

277 1869 385 1931 uidem
409 1877 480 1931 tuae
495 1892 557 1932 non
572 1872 761 1950 dissimilem,
784 1880 816 1935 et
836 1875 917 1935 forte
930 1872 1123 1936 verisimilius
1145 1872 1205 1936 dis·

276 1960 442 2033 putantem
488 1954 529 2015 de
570 1956 703 2035 primatu
746 1959 808 2018 isto
840 1957 1016 2039 megnifloo.
1068 1958 1205 2019 Advorte

276 2037 321 2097 ita
344 2056 403 2097 ue:

322 2056 342 2117 q
361 2118 445 2195 Quid
467 2121 493 2179 si
506 2120 848 2183 Matthiasuovissimus
871 2123 1082 2203 apostolorum
1106 2124 1206 2197 luerit,

277 2210 309 2263 et
330 2202 373 2263 sit
393 2204 511 2283 primus
537 2205 773 2283 apostolorum?
812 2205 882 2266 Hoe
914 2207 996 2266 enirn
1029 2206 1084 2267 tibi
1117 2207 1206 2267 laoile

276 2285 493 2366 persuadebo,
531 2287 625 2349 modo
659 2288 732 2348 mihi
764 2290 924 2368 permittas
960 2307 1064 2349 saeuas
1101 2289 1206 2350 literas

276 2388 365 2429 more
388 2375 443 2430 tuo
466 2376 497 2430 et
516 2368 602 2431 Eooii
635 2377 776 2448 traetare,
799 2390 869 2433 nem
902 2373 989 2433 iuxta
1010 2371 1205 2452 evangelium

276 2453 441 2513 novissimi
463 2458 533 2513 suut
554 2454 660 2533 primi,
691 2460 724 2515 et
755 2456 845 2534 primi
877 2456 1046 2516 novissimi.
1101 2454 1203 2530 Quare

275 2535 390 2595 Petrus
412 2543 516 2596 vester
536 2555 605 2620 euru
629 2538 669 2597 sit
691 2538 826 2617 primus,
859 2539 917 2598 erit
937 2539 1139 2615 novissimus,
1172 2544 1204 2599 et

275 2618 425 2679 Matthias
449 2637 533 2679 meus
556 2638 626 2680 uum
649 2621 689 2680 sit
708 2622 906 2694 novissimus,
929 2622 986 2681 erit
1007 2621 1133 2701 primus.

361 2700 419 2761 Cui
442 2699 564 2762 aceedit
584 2710 616 2763 et
634 2702 709 2764 illud
732 2703 850 2764 robusti
886 2702 1087 2781 firmamenti,
1120 2704 1202 2783 quod

274 2785 305 2843 in
329 2784 436 2845 loeum
448 2782 712 2847 Iudaetraditoris
732 2788 847 2847 asoitus
869 2793 926 2865 est,
949 2788 1000 2866 qui
1019 2787 1104 2847 velut
1116 2794 1204 2867 pater

275 2866 496 2946 diseipulorum
519 2876 585 2928 erat
606 2874 637 2929 et
660 2888 851 2930 oeeouomus
873 2869 995 2949 Christi,
1018 2888 1111 2948 super
1131 2870 1203 2930 illos

275 2950 358 3009 sieut
379 2968 474 3028 super
493 2950 639 3011 familiam
664 2954 729 3012 eius
745 2953 912 3029 institutus,
935 2954 984 3030 qui
999 2951 1144 3031 portabat
1166 2972 1203 3013 ea

275 3052 359 3112 quae
381 3031 591 3097 mittebantur.
633 3035 700 3096 Nee
720 3035 810 3095 aliter
832 3034 915 3095 bona
937 3033 1150 3113 apostolorum
1173 3042 1204 3094 et

275 3116 466 3195 patrimonio
477 3115 589 3177 Christi
607 3117 713 3179 habuit
732 3123 764 3179 et
776 3117 977 3199 dispensavit,
994 3134 1086 3194 quem
1109 3116 1203 3178 hodie

275 3198 439 3259 Romanum
459 3200 600 3278 pontifex
619 3202 845 3282 episcoporum,
868 3199 1074 3275 secerdotum,
1098 3219 1204 3262 mona·

276 3281 417 3359 monum,
436 3282 498 3342 imo
522 3290 553 3343 et
574 3304 682 3365 regum
704 3291 736 3344 et
756 3285 928 3364 principum
950 3283 1127 3363 dispenset,
1149 3284 1202 3361 ila,

276 3371 311 3424 ut
352 3364 498 3425 videatur
529 3384 603 3427 vere
636 3367 835 3428 seeundarius
877 3386 1013 3427 summus
1052 3366 1203 3428 eeclesiae

276 3446 430 3527 pontifex.
456 3446 564 3525 luisse,
603 3456 635 3510 et
666 3458 848 3511 antecessor
869 3450 1001 3511 Romani
1034 3449 1202 3530 pontifleis,

276 3548 348 3590 eum
371 3531 459 3589 euius
483 3530 587 3593 officio
609 3533 846 3613 plusoonvenit,
869 3552 960 3611 quam
977 3532 1057 3593 ullus
1072 3534 1201 3594 aliorum

276 3613 504 3692 apostolorum.
546 3614 630 3696 Ergo
653 3615 797 3677 Matthias
830 3623 877 3676 est
906 3636 977 3677 vere
1004 3635 1086 3696 pape
1108 3622 1140 3677 et
1159 3617 1203 3675 vi-

276 3697 381 3755 eerius
403 3694 532 3775 Christi,
565 3718 633 3758 eum
656 3700 744 3759 iuxta
765 3699 966 3760 Aristotelem
989 3698 1070 3759 idem
1096 3705 1200 3759 nutum

277 3778 383 3839 faeere
406 3780 446 3839 sit
465 3778 558 3856 idem,
579 3790 611 3841 et
634 3800 675 3843 ex
696 3781 808 3843 effectu
830 3801 924 3843 eausa
945 3788 1159 3862 cognoscatur.

361 3860 424 3923 Sed
448 3869 481 3923 et
502 3862 565 3924 boe
584 3872 681 3946 urget,
704 3866 841 3944 quadiu
865 3862 1038 3941 Peel.bb¹)
1063 3863 1202 3927 Christus

337 4049 382 4117 'lt
399 4050 431 4105 In
451 4048 494 4105 ed.
515 4053 599 4123 erige
618 4054 649 4109 in
666 4053 788 4108 Psalmo.
