3159 4792
637 521 673 579 D.
694 523 729 578 ll.
751 522 871 579 Lnthari.
1161 518 1224 589 329

301 709 416 772 bantur
437 710 481 771 illi
503 707 663 791 ipsi,'eum
678 711 756 773 haec
771 712 901 793 primum
917 716 1123 793 nascerentur,
1146 710 1228 791 apud

305 812 387 874 quos
409 813 491 854 nune
513 795 645 875 capitale
668 802 723 875 est,
744 795 908 855 Lutherum
931 796 1100 857 nominare.

393 892 425 955 si
448 896 515 974 quia
538 896 735 977 expenderit,
760 904 905 976 quantam
927 896 1090 957 utilitatem
1112 894 1231 956 adferat

304 979 367 1059 piis
391 977 544 1039 mentibus
566 979 676 1040 horum
699 980 838 1041 loaomm
863 980 1015 1060 cognitio,
1050 980 1100 1059 qui
1128 978 1229 1042 iubis

307 1060 579 1141 Disputationibus
600 1063 746 1143 patefacti
768 1070 862 1143 atque
884 1062 1025 1123 illustrati
1044 1068 1123 1141 sunt,
1146 1062 1233 1122 intel·

307 1144 386 1224 liget
408 1163 442 1203 se
474 1145 637 1224 plurimum
660 1146 726 1207 Deo
759 1165 816 1227 pro
843 1146 889 1205 his
913 1146 1119 1227 spiritualibus
1142 1145 1232 1206 donis

304 1226 437 1306 debere,
466 1246 545 1307 quae
567 1248 757 1311 magnopere
784 1230 824 1290 ad
855 1228 966 1289 Christi
995 1228 1146 1289 beneficia
1181 1248 1231 1289 cc·
1259 1256 1263 1264 =

304 1310 487 1392 gnoseendt
510 1318 542 1373 et
562 1312 600 1372 ad
617 1312 788 1392 Scripturas
811 1310 1028 1391 intelligendas
1045 1312 1231 1373 conducunt.

392 1410 468 1471 Cum
498 1417 600 1473 autem
635 1412 715 1474 haec
743 1414 858 1493 scripta
885 1412 1026 1473 nonnulli
1054 1431 1173 1473 summa
1201 1414 1232 1473 vi
1340 1444 1345 1449 ·

229 1527 234 1535 ·
306 1501 461 1555 conentur
483 1496 675 1575 opprimere,
713 1496 803 1567 decet
824 1496 908 1556 viros
929 1495 1030 1557 bonos
1053 1515 1090 1557 ea
1111 1514 1167 1575 pro
1190 1496 1232 1555 vi-

305 1578 351 1637 rili
383 1576 548 1637 defendere
587 1586 619 1639 et
656 1578 695 1640 ab
723 1580 848 1639 interitu
877 1578 1042 1638 vindicare.
1087 1576 1177 1653 Quod
1206 1580 1231 1638 si

306 1681 369 1721 non
394 1661 499 1720 licebit
521 1680 559 1720 ea
580 1662 717 1742 prolerre
738 1664 769 1722 in
784 1660 959 1739 theatrali,
982 1664 1012 1719 in
1035 1668 1096 1721 tam
1120 1662 1231 1740 iniquis

249 1788 257 1801 .
304 1742 443 1821 iudiciis,
465 1744 570 1824 legent
592 1753 695 1807 tamen
719 1746 897 1822 Christiani,
928 1750 959 1805 et
983 1751 1128 1823 tanquam
1151 1745 1233 1805 intus

305 1835 438 1905 canent,
462 1826 511 1887 vel
533 1826 573 1888 ad
596 1827 771 1905 docendas,
802 1828 851 1888 vel
874 1829 965 1887 etiam
990 1827 1029 1887 ad
1052 1826 1233 1889 confirman-

307 1910 365 1970 das
389 1911 595 1971 conscientias
617 1910 676 1971 hac
697 1910 847 1990 doctrina,
870 1930 948 1991 quas
971 1910 1081 1974 Christi
1103 1912 1233 1991 gratiam

305 2013 370 2057 non
394 1994 525 2055 obscure
547 1992 714 2073 praedicat.
737 1994 827 2057 Vale.

563 2228 600 2295 D.
622 2228 783 2296 hammus
806 2228 978 2295 Lntharus.

615 2381 686 2442 Pio
707 2381 869 2443 Lectori
885 2376 933 2462 ⁴²).

394 2533 625 2613 Disputationes
649 2552 703 2595 seu
724 2534 957 2613 propositiones
980 2550 1064 2592 meaa
1086 2550 1105 2591 a
1125 2531 1235 2613 prinoi-

308 2618 361 2697 pio
387 2634 501 2677 causae
534 2634 626 2678 meae
657 2625 765 2677 contra
786 2618 934 2697 Papatum
970 2623 1002 2675 et
1022 2615 1233 2695 sophistarum

307 2717 438 2779 regnum
469 2706 614 2760 tractatas
645 2701 747 2780 patior
768 2699 908 2778 extrudi,
940 2700 1091 2776 maxime,
1122 2718 1234 2759 neme

309 2782 443 2843 extollat
465 2783 644 2863 magnitudo
666 2802 790 2859 causae,
814 2794 843 2841 et
865 2799 1026 2842 successus
1047 2784 1078 2841 in
1101 2800 1139 2841 ea
1161 2782 1235 2841 divi·

308 2867 391 2925 nitus
415 2865 487 2925 mihi
511 2866 609 2927 datus.
652 2866 730 2925 Nam
751 2867 783 2926 in
805 2866 852 2926 his
865 2864 966 2945 palam
982 2863 1153 2924 ostenditur
1165 2882 1235 2923 mea

309 2949 492 3029 ignominia,
513 2949 544 3009 id
568 2955 625 3027 est,
647 2949 808 3009 infirmitas
831 2954 861 3008 et
879 2948 1061 3026 ignorantia,
1085 2964 1164 3024 quae
1185 2965 1235 3005 me

307 3033 338 3091 in
361 3032 515 3114 principio
537 3042 704 3112 coegerunt
725 3052 789 3093 rem
813 3038 932 3092 tentare
954 3043 1021 3089 cum
1045 3046 1164 3089 summo
1177 3034 1235 3088 tre·

307 3133 396 3174 more
421 3121 452 3174 et
474 3134 599 3194 pavore.

395 3213 482 3275 Unus
506 3236 599 3294 eram,
623 3221 654 3275 et
674 3234 730 3296 per
751 3214 986 3295 imprudentiam
1010 3214 1039 3272 in
1054 3213 1144 3272 istam
1167 3226 1234 3272 cau·

308 3318 375 3359 sam
398 3299 514 3378 lapsus,
540 3318 607 3358 eum
630 3317 693 3358 non
716 3299 823 3359 liceret
844 3298 955 3357 reterre
967 3294 1093 3378 pedem:
1116 3296 1146 3356 in
1161 3295 1235 3355 mul·

308 3383 347 3442 tis
371 3389 403 3442 et
426 3382 544 3462 magnis
567 3382 701 3442 articulis
732 3402 834 3462 papae
861 3401 923 3440 non
947 3379 1046 3439 solum
1075 3378 1234 3457 cedebam,

308 3464 364 3525 sed
390 3466 481 3525 etiam
507 3465 588 3526 ultro
621 3463 803 3525 adorabam.
846 3463 920 3537 Quis
949 3463 1030 3523 enim
1059 3482 1118 3543 ego
1140 3480 1234 3540 eram,

308 3549 499 3608 miserrimus
523 3554 595 3609 tune
616 3546 806 3623 fraterculus,
831 3546 973 3607 cadaveri
995 3546 1122 3606 similior
1144 3562 1234 3623 quarn

345 3742 378 3808 1)
398 3741 429 3794 lu
441 3741 484 3796 ed.
497 3742 573 3795 dem:
592 3743 620 3792 iu
640 3756 787 3794 consessus
805 3740 1003 3793 Monachorum
1024 3745 1051 3792 et
1064 3737 1234 3789 Pontificum.

386 3815 416 3875 ⁸)
438 3814 543 3865 Teutas
556 3814 688 3882 repetitus
701 3818 788 3865 estex
809 3813 871 3865 edd.
892 3812 961 3866 1538
980 3817 1006 3862 et
1027 3808 1109 3877 1558,
1127 3810 1154 3860 iu
1176 3806 1235 3859 edi-

307 3888 385 3937 tione
408 3886 475 3939 lb'lO
501 3900 556 3937 non
576 3885 716 3936 invenitur
746 3884 815 3936 haee
836 3884 980 3953 praelatio,
1012 3888 1039 3933 et
1066 3883 1185 3949 primum
1205 3882 1234 3931 in

308 3956 431 4011 editione
451 3956 522 4011 1538
540 3956 678 4024 prodiisse
701 3955 818 4007 ridetur.
849 3954 1026 4021 coarmanice
1045 3952 1150 4007 Walch.
1170 3950 1235 4007 XIV

307 4046 334 4098 p.
353 4028 409 4084 470
428 4028 492 4083 coll.
512 4027 600 4081 xvm
618 4044 646 4095 p.
664 4027 724 4095 35.)
