3159 4792
362 520 427 591 400
673 524 830 599 Disputtttc
848 522 882 583 1).
900 524 936 584 ll.
955 526 983 583 l..

425 714 475 775 24.
499 710 551 773 Sic
572 719 604 771 et
625 710 738 773 Psulus
765 712 875 774 Romu.
898 715 928 776 4.
956 712 1073 773 donum
1101 732 1158 775 sen
1187 714 1314 797 impd·'

363 797 511 857 tationem
535 792 683 856 discernit
704 816 723 855 a
745 797 887 858 mercede
910 796 1079 857 secundum
1103 796 1251 857 debitum.

425 880 474 943 25.
497 878 565 937 llos
587 878 701 939 donum
735 898 798 939 non
830 879 1073 962 apprehenditur
1105 879 1285 960 dilectione,

363 980 443 1041 quse
463 960 600 1021 noudum
624 961 721 1041 adest,
746 962 801 1023 sed
821 961 900 1040 fide,
922 980 1003 1043 quae
1023 969 1097 1045 post
1119 962 1230 1045 diligit,
1254 970 1286 1025 ct

361 1046 476 1125 gratius
499 1045 572 1124 agit.
699 1073 703 1087 .

423 1129 472 1192 26.
494 1126 589 1207 Igitur
610 1128 668 1187 tric
689 1128 766 1206 ista,
804 1135 838 1188 ut
871 1127 987 1189 dictum
1017 1135 1080 1206 est,
1118 1128 1181 1189 hoc
1210 1129 1283 1190 loco

359 1208 527 1291 prohibent
547 1212 681 1289 sentire,
710 1209 803 1290 quod·
826 1210 953 1273 dilectio
976 1231 1032 1271 seu
1053 1212 1163 1273 merita
1184 1213 1282 1292 impe·

361 1298 442 1354 trent
462 1292 676 1354 remissionem
699 1302 909 1373 peccatorum.

422 1378 472 1440 27.
494 1375 657 1456 Reliquum
680 1386 740 1451 est,
765 1377 895 1437 utillud
925 1376 1050 1437 verbum
1075 1376 1208 1437 Christi:
1231 1377 1282 1437 Di-

362 1460 521 1519 mittuntur
542 1460 587 1532 ei,
622 1460 693 1539 quia
716 1458 838 1530 dilexit,
870 1478 934 1521 non
957 1458 1071 1519 debeat
1092 1468 1205 1521 contra
1227 1460 1283 1521 ills
1404 1533 1405 1540 ἵ

360 1544 419 1603 tric
440 1560 586 1625 pugnare.
972 1584 979 1596 .
1141 1576 1146 1583 ·

421 1624 471 1689 28.
494 1624 555 1686 Sed
577 1622 754 1705 quaerenda
781 1632 829 1685 est
849 1625 1070 1706 intelligentia,
1106 1642 1187 1705 quae
1210 1644 1280 1685 cum

359 1710 456 1769 trihus
481 1710 547 1769 istis
578 1710 759 1786 conveniet,
791 1728 832 1769 ne
851 1708 1005 1769 Christum
1039 1708 1189 1768 molemus
1221 1709 1280 1769 sibi

359 1793 419 1873 ipsi
441 1799 643 1872 pugnantem.
994 1821 997 1827 ·
1050 1845 1056 1851 ,

421 1876 470 1938 29.
492 1874 558 1934 llec
579 1881 626 1934 est
647 1890 733 1932 more
754 1875 1018 1934 contentiosorum
1041 1892 1135 1933 unum
1150 1874 1278 1933 verbum

359 1963 467 2019 contra
488 1963 587 2017 totum
606 1962 723 2017 textum
746 1955 926 2034 urgendum.
1002 2004 1011 2020 .

420 2043 469 2106 30.
492 2039 561 2101 Hoc
582 2041 664 2100 enim
677 2046 749 2099 'nou
774 2045 822 2098 est
833 2041 992 2101 veritatem
1007 2038 1164 2099 humiliter
1187 2056 1279 2117 quae·

349 2142 435 2202 rere,
457 2121 512 2183 sed
535 2130 720 2202 conceptum
744 2140 878 2183 errorem
901 2122 1033 2202 superbe
1055 2120 1232 2181 defendere.

420 2208 469 2270 31.
492 2206 563 2267 Non
589 2213 638 2267 est
663 2211 764 2265 autem
793 2206 998 2287 intelligentis
1027 2201 1152 2283 melior,
1185 2223 1277 2283 quarn

359 2308 438 2369 quae
460 2309 500 2350 ex
523 2290 622 2350 verbis
645 2295 677 2349 et
698 2288 794 2369 gestis
810 2288 840 2364 ¹)
866 2289 977 2350 Christi
1000 2287 1137 2348 trahitur.

421 2374 471 2437 32.
495 2372 617 2433 Certum
639 2380 686 2433 est
708 2372 805 2449 enim,
828 2370 910 2452 quod
933 2372 1023 2432 aliter
1042 2369 1082 2430 cd
1107 2370 1278 2448 mulierem,

357 2456 447 2517 aliter
467 2454 507 2516 ad
520 2456 717 2517 Pharisaeum
741 2454 885 2534 loquitur,
907 2453 1087 2532 illicfidem,
1110 2454 1160 2513 bic
1182 2452 1276 2513 dilec-

357 2541 473 2600 tionem
496 2537 635 2602 laudans.

419 2625 468 2687 33.
491 2620 593 2695 Quare
615 2640 677 2683 non
701 2629 806 2702 potest
818 2638 888 2682 esse
897 2622 928 2681 iu
942 2620 1044 2681 verbis
1058 2618 1277 2696 contradictio,

357 2722 437 2783 quse
458 2701 561 2766 debet
580 2703 647 2765 lieri
675 2705 714 2766 ad
746 2705 829 2767 idern
860 2710 892 2765 et
923 2701 1091 2764 secuudum
1113 2701 1216 2780 idem,
1246 2710 1280 2762 ut

356 2794 465 2849 notura
487 2805 611 2868 quoque
633 2789 734 2850 docet.

418 2872 468 2937 34.
490 2871 671 2933 Pharisaeus
692 2873 785 2953 igitur
806 2871 913 2932 haeret
933 2870 964 2929 in
982 2868 1105 2949 publicu
1120 2868 1276 2928 sententis

355 2974 410 3015 seu
431 2956 522 3031 foma,
546 2974 606 3039 qua
627 2957 687 3016 ista
708 2956 817 3015 mulier
836 2951 1005 3014 secuudum
1024 2952 1100 3032 legis
1123 2951 1274 3010 iustitium

354 3040 511 3120 peccatrix
533 3039 565 3098 in
588 3041 711 3101 civitate
734 3036 912 3099 habebatur.
1004 3110 1011 3120 .

417 3124 467 3187 35.
491 3123 613 3183 {nterim
626 3122 658 3201 ²)
694 3123 834 3203 ignorat,
863 3118 936 3200 quid
960 3117 1097 3178 Christus
1130 3116 1275 3197 privatim

355 3212 500 3350 operaltus
522 3214 604 3267 esset
625 3224 681 3287 per
702 3204 812 3283 fidem,
844 3222 905 3283 qua
933 3200 1041 3261 mulier
1063 3199 1091 3260 ei
1114 3199 1197 3259 intus
1219 3196 1272 3259 sd-

354 3289 447 3350 haere
469 3293 510 3347 at.
1061 3317 1064 3321 -

415 3368 466 3437 36.
489 3368 569 3445 Quin
592 3390 702 3433 caecus
724 3391 764 3432 ne
785 3370 847 3431 hoc
868 3366 993 3449 quidem
1005 3363 1100 3441 ridet,
1124 3371 1275 3444 quantum
1312 3444 1316 3448 .

352 3455 420 3536 ipss
441 3454 516 3516 loris
537 3461 675 3537 praestet
697 3454 872 3516 dilectionis
894 3448 1064 3511 secundum
1087 3447 1199 3527 legem.

416 3541 466 3603 37.
489 3539 562 3600 ldeo
586 3538 725 3601 Christus
748 3537 906 3597 mulierem
930 3554 948 3594 u
969 3530 1094 3613 publica
1117 3530 1275 3591 sententia

351 3641 409 3702 per
429 3623 582 3703 publicam
605 3623 832 3686 absolutionem
855 3618 1037 3681 liberaturus
1070 3613 1199 3674 damnat
1229 3614 1276 3672 iu·

353 3704 464 3766 dicium
493 3706 667 3785 Pharisaei,
696 3704 867 3765 decernens
899 3717 967 3762 esm
997 3698 1120 3779 publice
1148 3714 1275 3777 quoque

353 3807 423 3849 esse
443 3790 564 3853 iustum.

415 3872 466 3937 38.
487 3871 558 3933 Non
591 3874 673 3935 enim
705 3877 753 3931 est
782 3867 960 3956 peccatrix,
992 3862 1048 3925 sed
1082 3863 1213 3924 credens
1241 3862 1274 3922 in

372 4009 791 4027 .-.-----—--—--

423 4066 456 4131 1)
475 4064 507 4118 ln
527 4065 569 4119 ed.
592 4062 675 4119 1558:
695 4060 834 4130 gestibus.
869 4055 903 4124 2)
925 4053 1014 4107 Ibid.:
1031 4053 1146 4106 interes.
