3159 4792
180 719 185 758 ἒ
194 718 207 756 t:

550 498 585 555 de
603 498 729 571 &gemin
744 502 948 584 epnaopoaam.
1159 495 1222 567 363

299 686 427 769 privati,
449 708 508 752 noo
530 706 727 770 equaquam
749 686 882 765 defendi,
904 687 958 748 sed
981 688 1118 751 aliorum·
1132 687 1223 767 laieo-

296 790 365 831 rum
389 772 487 833 instar
506 772 613 833 haberi
637 772 753 834 debent
775 780 807 833 et
827 772 955 836 denseri.

339 857 394 918 25.
415 855 535 935 Bigami
564 855 595 915 in
618 854 793 915 sacerdotio
817 861 1049 934 perseverantes
1072 854 1223 920 incestum

185 970 204 1011 ,3
302 939 515 1015 committunt,
536 946 568 999 et
589 938 642 998 filii
666 958 771 999 eorum
796 939 888 1019 spurii
911 946 982 999 sunt
1003 937 1158 1000 censendi.

311 1091 314 1099 ¹
343 1024 395 1085 26.
417 1021 509 1082 Actio
532 1029 640 1091 eontra
660 1022 816 1102 bigamum
846 1022 1003 1103 popularis
1032 1029 1093 1098 est,
1127 1022 1171 1086 ita
1192 1027 1225 1081 ut

298 1100 442 1184 bigamus
464 1124 483 1165 a
505 1104 614 1183 quovis
630 1104 668 1166 de
690 1104 807 1187 populo
828 1106 977 1180 aoousari,
1001 1112 1041 1183 et,
1062 1111 1095 1165 ut
1116 1104 1154 1167 ab
1176 1123 1223 1167 eo·

179 1205 200 1262 553.
299 1186 605 1256 olesiastioooffioio
628 1187 813 1269 deponatur,
834 1189 899 1269 peti
916 1188 1022 1267 possit.

342 1272 391 1335 27.
415 1270 560 1351 Bigamus
588 1271 766 1346 ,censendus
796 1278 844 1331 est
884 1291 947 1331 non
978 1271 1077 1333 solum
1099 1272 1140 1347 is,
1173 1271 1224 1351 qui

301 1350 379 1413 duas
402 1352 487 1415 duait
509 1355 664 1435 virgines,
700 1354 754 1416 sed
777 1361 809 1414 et
830 1351 953 1414 viduam
976 1362 1029 1414 aut
1050 1355 1138 1415 aliter
1160 1374 1225 1417 aar·

193 1472 200 1508 r.
299 1444 430 1515 ruptam.

344 1520 393 1584 28.
415 1520 449 1581 ln
472 1538 613 1601 summa,
644 1520 818 1601 quicunque
835 1522 974 1601 proprias
997 1521 1172 1602 voluptates
1194 1527 1226 1583 et

177 1607 184 1683 j
300 1602 441 1665 luxuriae
461 1604 660 1681 exactionem
681 1602 828 1684 Apostoli
849 1604 950 1665 verbis
973 1610 1004 1665 st
1026 1604 1148 1669 Petrum
1170 1604 1225 1667 ho·

181 1725 198 1770 p
300 1688 398 1747 neatis
418 1688 582 1770 praeponit
603 1686 744 1764 decretis,
766 1707 829 1750 non
852 1694 953 1747 tamen
977 1686 1150 1749 saaerdotio
1173 1692 1226 1747 aut

301 1768 515 1831 eeclesiastico
538 1770 692 1850 stipendio
716 1770 827 1832 cedere
850 1771 975 1851 dignum
991 1774 1092 1849 putat,
1114 1772 1139 1833 is
1162 1790 1225 1831 non

301 1850 402 1911 nolum
426 1852 604 1915 tolerandus
621 1870 685 1913 non
709 1862 767 1932 est,
789 1853 844 1915 sed
869 1854 908 1915 ad
922 1872 1032 1927 corvos
1046 1853 1226 1935 abigendus,

301 1953 364 2013 quo
387 1955 450 1998 nou
472 1938 540 1998 ovis
562 1935 708 1999 morbosa
742 1944 842 1999 totum
864 1943 1039 2017 corrumpat
1061 1936 1160 2015 avda,
1195 1943 1226 1996 et

300 2026 364 2079 tam
387 2013 590 2097 laudabilem,
624 2019 736 2081 bonam
762 2028 794 2081 et
823 2020 1008 2101 longaevam
1031 2019 1226 2085 eonsuetudi-

176 2093 193 2202 ζ
300 2120 373 2160 nem
397 2102 634 2183 pestilentisuo
658 2101 803 2165 defoedet
824 2104 978 2183 exemplo.

299 2234 608 2315 ProposItiones
638 2238 675 2300 D.
697 2239 803 2302 Mart.
830 2238 937 2299 Luth.
967 2236 1012 2298 de
1041 2236 1226 2319 Digamia

616 2322 916 2403 Episcoporum.

550 2438 643 2501 Anno
667 2440 708 2501 in
728 2440 767 2501 D.
789 2438 916 2502 XXVIII
930 2442 977 2515 *T-
1150 2504 1153 2511 ,

348 2545 395 2604 ,1.
417 2541 548 2604 flanotus
582 2544 695 2605 Paulus
730 2546 909 2625 episcopum
944 2545 975 2605 in
1014 2543 1146 2605 eeclesia
1166 2544 1226 2605 Dei

177 2627 183 2637 ’
300 2627 403 2685 sanoit
448 2645 517 2685 eum
542 2647 613 2689 esse
643 2628 911 2707 constituendum⁷
944 2629 995 2709 qui
1024 2630 1063 2687 sit
1091 2634 1121 2688 et
1143 2628 1227 2691 vivat

175 2713 184 2724 ''
299 2707 587 2789 irreprehensibilis.

365 2795 394 2855 2.
414 2789 486 2852 Non
507 2793 591 2871 qaod
613 2794 731 2873 absquo
751 2798 883 2874 peceato
906 2795 1006 2875 possit
1027 2794 1107 2854 nllus
1129 2794 1226 2855 hoini-

299 2894 374 2935 num
397 2875 511 2952 vivere,
532 2877 587 2937 sed
610 2876 692 2957 qnod
705 2879 772 2937 sine
785 2878 911 2937 erimine
934 2896 988 2937 seu
1008 2877 1139 2936 honeste
1155 2896 1226 2936 aon·

300 2958 418 3019 versari
441 2957 561 3022 dabant

365 3043 394 3105 3.
417 3036 616 3127 ἀνέγκλητος
635 3042 718 3102 anim
739 3062 853 3122 greeae
873 3042 904 3103 id
927 3048 1032 3117 sonat,
1055 3040 1137 3120 quod
1159 3041 1226 3101 aine

301 3125 438 3197 atiniae,
463 3143 555 3203 quein
578 3145 642 3185 non
665 3126 764 3204 possit
784 3126 881 3187 homo
902 3142 1059 3187 aoousare.

363 3209 392 3269 4.
416 3206 507 3282 Quod
530 3210 666 3289 ipso-et
696 3226 759 3268 non
797 3230 858 3270 nno
890 3210 959 3270 Ioao
995 3208 1142 3289 exponit,
1174 3204 1225 3268 ubi

300 3309 410 3351 omnes
433 3288 571 3351 fidelium
594 3289 717 3352 ordines
741 3292 833 3353 dooet
855 3299 944 3353 oaute
965 3290 1132 3353 ambulare.

374 3446 404 3508 ·)
425 3443 456 3500 In
476 3445 519 3500 sd.
540 3446 610 3503 15³8
618 3447 815 3499 tantummodo
835 3447 877 3499 hie
895 3446 992 3505 ¹titulus
1012 3450 1068 3499 est:
1090 3444 1224 3497 Martisue

300 3514 443 3569 tutheros.
481 3516 586 3571 Textns
606 3516 704 3570 harum
730 3520 957 3587 propositionum
977 3520 1109 3586 repetitus
1130 3520 1226 3577 estex

299 3586 342 3639 ed.
366 3586 443 3651 1538,
463 3588 565 3640 collata
584 3588 626 3642 ed.
648 3589 724 3644 1558.

371 3658 446 3711 Haec
465 3660 617 3727 disputatio
635 3662 784 3729 separatim
806 3668 848 3715 est
867 3677 971 3714 excusa
989 3661 1040 3713 snb
1058 3660 1112 3713 hoe
1130 3658 1223 3713 titulo:

301 3726 338 3783 ite
348 3728 687 3802 DigamiaEpisooporum
695 3732 1056 3799 Propositionestiartini
1069 3730 1157 3783 Luth
1167 3733 1226 3782 eri.

301 3802 507 3872 Wittenbergae
525 3803 560 3855 Μ.
579 3803 613 3856 D.
633 3802 754 3857 XXVIII.
782 3802 814 3855 In
845 3806 910 3857 fine:
941 3804 1105 3856 Excudebat
1119 3802 1227 3855 Norim·

192 3923 202 3943 ,
300 3874 404 3941 borgee
422 3874 578 3929 Fridenieos
595 3874 715 3942 Peypns.
751 3874 834 3929 Anno
855 3878 887 3928 Μ.
911 3876 940 3930 Ι).
960 3874 1081 3928 XXVIlI.
1101 3874 1126 3928 8.
1146 3876 1227 3939 (Pan-

298 3941 468 4086 &iim
480 3952 595 4017 typogr.
615 3945 664 4000 VII
681 3964 708 4016 p.
727 3947 794 4003 473.
811 3965 838 4003 v.
859 3948 885 4001 d.
907 3947 993 4001 Herdt
1010 3947 1128 4017 Antogr.
1146 3946 1226 4003 nuth.
