3159 4792
337 497 401 568 212
611 504 738 574 Epistola
756 499 792 560 b.
812 503 889 558 Mart.
909 501 988 562 Luth.

339 711 437 769 amus,
458 689 678 765 mordacitatis,
699 675 920 770 impatientiae,
941 689 1157 750 immodestiae
1178 707 1265 769 prae-

339 782 425 836 textu
447 775 587 855 fugimus.
631 770 713 854 Quid
735 771 872 853 proderit
893 773 949 848 sal,
971 774 996 832 si
1017 792 1081 834 non
1104 771 1266 833 mordeat?

338 857 418 933 Quid
441 876 476 918 os
498 855 609 938 gladii,
632 858 657 915 si
680 875 742 917 non
765 855 895 917 caedat?
918 855 1099 917 Maledictus
1122 855 1181 933 vir,
1213 856 1266 934 qui

337 941 412 1002 facit
434 960 512 1020 opus
534 940 657 1000 Domini
679 939 853 999 fraudulent
841 946 897 1002 ter

423 1022 535 1103 Quare,
558 1022 675 1103 optime
696 1024 775 1100 Leo,
797 1023 843 1082 his
866 1042 915 1082 me
937 1022 1032 1082 literis
1053 1040 1131 1103 rogo
1155 1039 1265 1101 expur-

339 1114 445 1188 gatum
467 1104 628 1182 admittas,
660 1105 777 1186 tibique
800 1105 1003 1186 persuadeas,
1033 1124 1083 1166 me
1113 1105 1187 1166 nihil
1211 1124 1266 1164 un·

340 1208 430 1269 quam
454 1189 494 1250 de
516 1208 650 1270 persona
683 1196 735 1249 tua
763 1190 835 1248 mali
871 1190 1042 1269 cogitasse:
1075 1187 1187 1248 deinde
1214 1207 1266 1247 me

337 1274 430 1333 talem
453 1291 541 1351 asse,
578 1273 630 1352 qui
653 1271 706 1332 tibi
744 1273 863 1351 optima
900 1272 992 1332 velim
1024 1273 1205 1352 contingere
1232 1272 1265 1330 in

339 1364 511 1416 aeternum:
534 1374 635 1435 neque
659 1356 731 1414 mihi
744 1373 812 1415 cnm
830 1354 892 1416 ullo
907 1355 1034 1416 homine
1057 1353 1096 1415 de
1118 1354 1266 1432 moribus,

339 1437 393 1499 sed
416 1439 547 1501 desolo
570 1438 665 1499 verbo
688 1439 826 1499 veritatis
854 1457 924 1498 esse
947 1440 1185 1500 contentionem.
1229 1437 1266 1496 ln

337 1521 478 1583 omnibus
514 1523 582 1582 aliis
615 1521 722 1582 cedam
754 1521 871 1598 cuivis,
901 1521 1037 1582 Verbum
1068 1521 1211 1582 deserere
1233 1525 1267 1580 et

338 1625 452 1686 negare
489 1625 548 1666 nec
577 1624 704 1686 possum
730 1624 789 1665 nec
821 1605 903 1666 volo.
947 1604 1007 1678 Qui
1034 1603 1119 1665 aliud
1145 1603 1184 1664 de
1214 1620 1266 1663 nse

337 1691 448 1765 sentit,
470 1695 524 1748 aut
545 1689 634 1749 aliter
655 1708 725 1749 mea
745 1689 861 1767 hausit,
884 1707 946 1748 non
969 1693 1054 1748 recte
1075 1687 1182 1766 sentit,
1205 1705 1267 1746 nec

337 1788 410 1833 vera
430 1771 540 1833 hausit.

422 1855 534 1916 Sedem
556 1860 693 1915 autemt
695 1874 775 1933 uam,
800 1872 885 1932 quae
880 1851 926 1936 ¹)
953 1854 1036 1914 ouria
1057 1854 1199 1914 Romana
1221 1851 1266 1912 di-

338 1939 424 2017 citur,
447 1957 538 2018 quam
560 1957 661 2017 neque
685 1944 729 2015 tu,
752 1955 853 2015 neque
876 1937 956 1996 ullus
979 1937 1137 1997 hominum
1159 1942 1267 2017 potest

337 2041 453 2102 negare
494 2023 715 2101 corruptiorem
748 2039 818 2080 esse
841 2021 949 2116 quavis
972 2019 1134 2100 Babylone
1156 2025 1188 2079 et
1208 2018 1265 2080 So-

338 2104 445 2183 doma,
468 2113 498 2164 et
506 2111 684 2184 ,quantum
708 2123 768 2184 ego
791 2104 901 2183 capio,
924 2121 1049 2199 prorsus
1072 2101 1266 2182 deploratae,

240 2214 246 2221 ·
338 2189 521 2268 desperatae
543 2194 635 2268 atque
657 2188 872 2248 conclamatae
901 2187 1083 2266 impietat',1s
1115 2204 1191 2245 sane
1213 2184 1266 2246 de-

341 2277 469 2332 testatus
492 2292 579 2349 sum,
612 2270 836 2351 indignequet
823 2270 878 2330 tuli
912 2269 1016 2331 subt
1004 2276 1056 2330 tuo
1086 2270 1213 2330 nomine
1235 2276 1268 2330 et

337 2375 410 2435 prae
413 2360 497 2416 ttexu
466 2356 681 2415 tRomanae
703 2355 855 2414 ecclesiae
885 2352 947 2414 ludi
970 2352 1081 2413 christi
1060 2354 1267 2449 tpopulum,

307 2466 310 2471 ·
339 2445 433 2517 atque
454 2441 498 2497 ita
519 2440 632 2517 restiti,
655 2439 877 2516 resistamque,
900 2437 970 2496 dum
994 2437 1115 2516 spiritus
1138 2434 1242 2496 fidei
1233 2456 1267 2495 ιιι

338 2538 388 2581 me
412 2522 536 2581 vixerit:
560 2539 621 2580 non
646 2518 729 2599 quod
752 2519 792 2579 ad
814 2483 1017 2600 imp’ossibilia
1033 2521 1121 2597 nitar,
1144 2527 1176 2578 et
1195 2538 1266 2599 spe-

336 2623 402 2664 rem
426 2623 496 2663 mea
518 2605 613 2663 solius
636 2622 740 2683 opera,
762 2609 810 2664 tot
831 2602 1072 2685 repugnantibus
1083 2603 1167 2663 turns
1190 2602 1266 2661 adu·

340 2687 485 2760 latorum,
505 2686 670 2766 quidquam
694 2687 871 2766 promoveri
893 2688 995 2747 inista
1005 2683 1167 2766 Babylone
1189 2704 1265 2746 con

336 2769 509 2850 lusissima,
546 2770 601 2831 sed
632 2767 713 2850 quod
743 2769 914 2832 debitorem
943 2788 994 2829 me
1016 2787 1184 2850 agnoscam
1206 2769 1266 2829 fra-

336 2859 413 2912 trum
437 2872 588 2933 meorum,
611 2853 720 2932 quibus
743 2851 861 2913 consuli
887 2873 905 2913 a
928 2872 977 2912 me
1000 2858 1133 2932 oportet,
1157 2859 1191 2912 ut
1212 2851 1265 2913 vel

335 2937 513 3034 pauciores,
530 2938 580 2998 vel
602 2939 705 2996 mitius
727 2937 908 2997 aRomanis
930 2934 1068 3016 pestibus
1084 2934 1264 3016 perdantur.

335 3020 443 3101 Neque
465 3022 547 3082 enim
569 3019 651 3080 aliud
682 3039 699 3079 e
723 3020 859 3080 Roma
851 3038 912 3080 ram
944 3039 963 3078 a
996 3019 1097 3080 multis
1120 3020 1208 3078 annis
1231 3020 1265 3078 in

336 3103 442 3165 orbem
471 3103 600 3164 inundat
588 3101 725 3184 t(quod
748 3120 811 3162 non
834 3103 960 3182 ignoras
981 3103 1066 3181 ipse)
1092 3120 1182 3181 quam
1212 3121 1265 3162 va-

336 3188 422 3247 stitas
447 3206 557 3265 rernm,
580 3205 754 3266 corporum,
778 3186 947 3246 animarum
967 3185 1144 3245 etomnium
1168 3186 1267 3266 pessi-

334 3289 450 3329 marum
479 3289 579 3329 rerum
602 3270 738 3348 pessima
774 3268 929 3349 exempla
972 3268 1054 3329 Luce
1080 3269 1161 3328 enim
1184 3269 1267 3328 haec

335 3352 477 3414 monibus
501 3353 632 3413 clariora
655 3360 726 3411 sunt
749 3359 779 3411 et
802 3352 884 3411 facta
908 3357 956 3412 est
977 3350 1034 3432 e2)
1050 3351 1191 3412 Romana
1216 3369 1266 3412 ec·

334 3437 445 3515 clesia,
469 3435 625 3514 quondam
649 3437 784 3513 omnium
809 3435 1020 3512 sanctissima,
1050 3435 1199 3514 spelunca
1221 3435 1265 3495 la-

333 3527 455 3580 tronum
478 3519 736 3597 licentiosissima,
758 3518 888 3598 lupanar
904 3519 1040 3578 omnium
1063 3518 1265 3598 impudentis-

333 3605 453 3683 simum,
471 3623 599 3684 regnum
616 3603 745 3682 peceati,
762 3603 868 3662 mortis
885 3608 916 3662 et
927 3601 1047 3678 inferni,
1070 3609 1113 3680 ut,
1137 3600 1176 3662 ad
1199 3619 1267 3662 ma-

334 3688 429 3749 litiam
470 3686 552 3767 quod
575 3685 728 3783 accedat,
760 3687 822 3745 iam
851 3686 988 3766 cogitare
1011 3703 1074 3745 non
1098 3687 1198 3766 possit
1224 3704 1268 3745 ne

332 3774 527 3834 antichristus
550 3769 682 3850 quidem,
705 3770 731 3829 si
752 3770 879 3833 venerit

412 3857 533 3916 Interim
556 3862 597 3926 tu,
619 3854 695 3931 Leo,
716 3853 796 3913 sicut
817 3870 915 3933 agnus
939 3851 969 3910 in
993 3849 1096 3911 medio
1120 3850 1268 3931 luporum

405 3976 436 4045 1)
457 3978 488 4028 ln
507 3977 549 4028 ed
574 3976 642 4030 1521
673 3973 772 4025 verba:
802 3986 947 4040 quaa·
965 3971 1176 4038 impietatis
1212 3972 1269 4040 sig-

331 4049 376 4100 nis
394 4047 565 4116 parenthesis
583 4045 772 4100 includuntur.
810 4042 842 4109 2)
863 4041 933 4096 lbid.
955 4041 1049 4098 deest:
1070 4058 1094 4096 e.
