3159 4792
564 826 633 919 Ad
662 827 975 945 Aegocerotem

427 1014 632 1081 susorum
652 1013 786 1080 mrum
807 1012 941 1079 sutum
962 1012 1099 1085 muso,
1191 962 1194 969 ¹

416 1282 450 1341 ln
471 1282 701 1361 Aegocerotem
724 1282 927 1341 Emssrsnum
956 1280 996 1341 M.
1016 1281 1049 1342 L.
1063 1281 1099 1359 ¹⁸)
1146 1302 1149 1307 ¹

343 1433 583 1494 Martinus
616 1430 855 1495 Lutherus
886 1433 1174 1513 Hieronymo

640 1516 888 1578 Emseross.

290 1708 298 1714 -
385 1666 427 1727 Et
448 1674 488 1746 tc,
510 1668 551 1728 mi
563 1667 682 1749 Emser,
705 1670 773 1748 quis
795 1688 930 1748 unquam
952 1667 1133 1728 credidisset
1155 1686 1224 1727 csse

300 1757 365 1811 tom
388 1750 513 1810 doctum
535 1755 566 1811 et
587 1760 710 1812 acutum
732 1752 928 1833 theologum,
962 1757 993 1811 et
1022 1749 1104 1829 quod
1132 1769 1223 1828 nemo

301 1854 365 1894 nou
388 1833 529 1913 miretur,
552 1841 612 1895 tem
635 1834 805 1915 simplicem
829 1841 860 1895 et
881 1832 1004 1895 fidelem
1027 1832 1150 1893 Lutheri
1172 1853 1223 1913 pu·

300 1925 441 1997 tronum,
464 1918 549 1978 cuius
571 1938 685 1979 nomeu
708 1937 766 1978 neo
786 1924 930 2001 rogatus,
952 1936 1011 1977 neo
1034 1923 1224 1997 opportunus

301 2008 365 2064 tum
398 2007 522 2075 strenue
551 2009 583 2061 et
611 2004 734 2082 egregie
756 2002 868 2062 usseris
900 2001 938 2062 ab
965 2001 1101 2061 haeresis
1125 2000 1223 2060 Bohe·

301 2085 403 2145 micee
424 2083 573 2145 infamio?
606 2084 696 2145 Novo
718 2084 881 2164 miraculo,
911 2085 962 2165 qui
990 2084 1028 2145 ub
1050 2083 1145 2143 Eccio
1169 2082 1223 2143 de-

300 2167 416 2228 liraber
446 2186 515 2227 esse
545 2166 719 2244 Bohemus,
753 2167 791 2229 ab
814 2168 943 2228 Emsero
959 2168 986 2244 ¹)
1027 2166 1100 2226 mihi
1129 2164 1224 2225 inlen-

301 2246 388 2311 siore¹
417 2268 508 2329 quom
543 2250 631 2310 multi
664 2250 749 2311 Eccii
778 2252 934 2312 Bohemus
970 2269 1040 2310 esse
1075 2249 1223 2330 obnegor.

302 2331 379 2407 Quis
403 2333 485 2393 huno
506 2334 664 2413 vertiginis
687 2334 846 2413 spiritum?
869 2336 935 2413 quis
958 2333 1037 2393 haec
1059 2333 1223 2392 dissensio·

302 2417 350 2475 nis
372 2416 474 2477 studia
492 2417 572 2477 iuter
591 2416 716 2476 Eccium
741 2426 772 2479 ct
788 2416 961 2481 Emserium
984 2415 1126 2476 miscuit?
1150 2414 1223 2489 Quis

301 2499 384 2559 hanc
406 2499 537 2561 Emsero
561 2500 593 2560 iu
615 2500 780 2561 Lutherum
803 2502 932 2583 gretiam
954 2506 1145 2561 commentus
1168 2508 1224 2573 cst,

447 2767 522 2819 Pacis
541 2776 582 2820 est
600 2775 697 2821 auctor
717 2769 894 2837 monitorque
913 2767 1053 2821 Christus:

447 2838 500 2891 Cur
519 2841 632 2893 scholae
650 2848 757 2909 pugnat
775 2841 890 2894 schole?
908 2857 957 2893 cur
977 2847 1099 2894 vetustus

443 2910 559 2965 Pellitur
580 2913 644 2964 totis
664 2912 735 2965 adeo
754 2912 882 2978 theatris,

491 2983 538 3035 Bis
558 2984 733 3036 venerande?

446 3070 566 3125 Calculis
586 3072 709 3125 nondum
728 3075 832 3124 fetuum
852 3072 969 3139 receptis

444 3144 552 3197 iudicat
571 3144 687 3213 vulgus:
706 3148 817 3213 sepiens
838 3149 977 3209 moretur,

446 3216 481 3268 Et
497 3232 579 3274 ouum
599 3232 686 3285 pensu
705 3216 753 3269 dat
768 3218 894 3283 utrisque
914 3230 998 3268 cause

489 3288 596 3342 Oensor
614 3289 758 3341 honorem.

447 3379 484 3431 lte
503 3379 616 3443 livores,
634 3378 730 3446 procul
751 3378 816 3430 hinc
833 3379 951 3429 facesset

444 3451 541 3518 Pugno
558 3450 679 3514 larvulis,
696 3455 865 3517 cursantque
884 3448 966 3501 deute

447 3522 561 3590 scripta,
581 3524 731 3573 fraternum
751 3524 828 3574 furor
848 3520 893 3573 hic
912 3520 1014 3588 usique

502 3592 609 3645 Scindit
626 3609 759 3647 amorem.

357 3685 389 3747 ⁸)
410 3683 481 3746 Ante
500 3681 648 3736 exordium
666 3682 794 3750 leguntur
813 3683 841 3733 iu
862 3680 904 3733 ed.
923 3678 985 3733 Jen.
1006 3694 1118 3733 versus:

447 3754 498 3807 Hic
511 3757 580 3807 iacet
592 3754 762 3823 Aegoceros,
780 3755 840 3806 siue
852 3754 943 3812 foeno,
965 3754 1105 3815 cornibus,
1124 3765 1227 3819 ungue,

495 3826 578 3892 Osse,
598 3826 669 3895 pilo,
688 3828 795 3890 nervis,
814 3826 958 3897 sanguiue,
980 3840 1070 3888 carue,
1090 3828 1157 3874 oute.

372 3900 401 3964 1)
423 3896 455 3951 ln
474 3898 517 3951 ed.
542 3900 611 3967 orig
643 3900 746 3966 ubique
771 3900 902 3965 scriptum
931 3896 1044 3963 legitur:
1082 3894 1231 3947 Emserius

298 3976 364 4037 etc.;
402 3976 428 4021 et
457 3972 486 4021 iu
518 3969 561 4023 ed.
593 3970 651 4022 len.
682 3985 734 4037 pro
759 3968 877 4022 Mortino
911 3974 960 4021 etc.
996 3966 1099 4034 ubique
1128 3966 1225 4017 Luths·

297 4057 347 4095 rus
367 4047 418 4093 eto.
