<?xml version="1.0" encoding="UTF-8"?>
<!DOCTYPE html PUBLIC "-//W3C//DTD XHTML 1.0 Transitional//EN"
    "http://www.w3.org/TR/xhtml1/DTD/xhtml1-transitional.dtd">
<html xmlns="http://www.w3.org/1999/xhtml" xml:lang="en" lang="en">
 <head>
  <title>
</title>
<meta http-equiv="Content-Type" content="text/html;charset=utf-8" />
  <meta name='ocr-system' content='tesseract 3.04.00' />
  <meta name='ocr-capabilities' content='ocr_page ocr_carea ocr_par ocr_line ocrx_word'/>
</head>
<body>
  <div class='ocr_page' id='page_1' title='image "./operalatinavari04schmgoog_0158.png"; bbox 0 0 3159 4792; ppageno 0'>
   <div class='ocr_carea' id='block_1_1' title="bbox 385 472 1066 545">
    <p class='ocr_par' dir='ltr' id='par_1_1' title="bbox 385 472 1066 545">
     <span class='ocr_line' id='line_1_1' title="bbox 385 472 1066 545; baseline 0.006 -17"><span class='ocrx_word' id='word_1_1' title='bbox 385 472 451 539; x_wconf 75' lang='lat'>150</span> <span class='ocrx_word' id='word_1_2' title='bbox 659 476 816 545; x_wconf 60' lang='lat' dir='ltr'>mimis</span> <span class='ocrx_word' id='word_1_3' title='bbox 835 473 871 529; x_wconf 90' lang='lat' dir='ltr'>n.</span> <span class='ocrx_word' id='word_1_4' title='bbox 885 474 928 530; x_wconf 79' lang='lat' dir='ltr'>rs·</span> <span class='ocrx_word' id='word_1_5' title='bbox 942 475 1066 532; x_wconf 65' lang='lat' dir='ltr'>moues.</span> 
     </span>
    </p>
   </div>
   <div class='ocr_carea' id='block_1_2' title="bbox 386 659 1400 1241">
    <p class='ocr_par' dir='ltr' id='par_1_2' title="bbox 386 659 1400 1241">
     <span class='ocr_line' id='line_1_2' title="bbox 386 659 1400 740; baseline -0.001 -19"><span class='ocrx_word' id='word_1_6' title='bbox 386 665 418 721; x_wconf 92' lang='lat' dir='ltr'>et</span> <span class='ocrx_word' id='word_1_7' title='bbox 440 677 509 723; x_wconf 89' lang='lat' dir='ltr'>oum</span> <span class='ocrx_word' id='word_1_8' title='bbox 531 659 844 740; x_wconf 84' lang='lat' dir='ltr'>tueritdeprelrensus</span> <span class='ocrx_word' id='word_1_9' title='bbox 865 660 959 723; x_wconf 89' lang='lat' dir='ltr'>dicit:</span> <span class='ocrx_word' id='word_1_10' title='bbox 980 659 1313 725; x_wconf 70' lang='lat' dir='ltr'>Ludens&#39;ieoitrtlon</span> <span class='ocrx_word' id='word_1_11' title='bbox 1399 715 1400 720; x_wconf 73' lang='grc'>,</span> 
     </span>
     <span class='ocr_line' id='line_1_3' title="bbox 386 742 1315 823; baseline 0.008 -21"><span class='ocrx_word' id='word_1_12' title='bbox 386 742 455 823; x_wconf 82' lang='lat' dir='ltr'>tigit</span> <span class='ocrx_word' id='word_1_13' title='bbox 475 742 546 817; x_wconf 79' lang='lat' dir='ltr'>illis,</span> <span class='ocrx_word' id='word_1_14' title='bbox 568 742 650 819; x_wconf 85' lang='lat' dir='ltr'>quod</span> <span class='ocrx_word' id='word_1_15' title='bbox 673 743 809 808; x_wconf 87' lang='lat' dir='ltr'>eiusdem</span> <span class='ocrx_word' id='word_1_16' title='bbox 834 749 883 808; x_wconf 79' lang='lat'>11.</span> <span class='ocrx_word' id='word_1_17' title='bbox 902 743 1026 807; x_wconf 77' lang='lat' dir='ltr'>dicitnr</span> <span class='ocrx_word' id='word_1_18' title='bbox 1050 744 1082 809; x_wconf 86' lang='lat' dir='ltr'>ln</span> <span class='ocrx_word' id='word_1_19' title='bbox 1106 744 1226 808; x_wconf 75' lang='lat' dir='ltr'>insidiis</span> <span class='ocrx_word' id='word_1_20' title='bbox 1249 748 1315 809; x_wconf 90' lang='lat' dir='ltr'>suis</span> 
     </span>
     <span class='ocr_line' id='line_1_4' title="bbox 386 826 1313 907; baseline 0.004 -20"><span class='ocrx_word' id='word_1_21' title='bbox 386 826 546 904; x_wconf 82' lang='lat' dir='ltr'>oopientur</span> <span class='ocrx_word' id='word_1_22' title='bbox 567 826 673 905; x_wconf 89' lang='lat' dir='ltr'>iniqui.</span> <span class='ocrx_word' id='word_1_23' title='bbox 718 828 756 890; x_wconf 73' lang='lat' dir='ltr'>nt</span> <span class='ocrx_word' id='word_1_24' title='bbox 777 827 853 888; x_wconf 92' lang='lat' dir='ltr'>illud</span> <span class='ocrx_word' id='word_1_25' title='bbox 874 826 955 889; x_wconf 88' lang='lat' dir='ltr'>Psal.</span> <span class='ocrx_word' id='word_1_26' title='bbox 977 828 1012 890; x_wconf 84' lang='lat'>9:</span> <span class='ocrx_word' id='word_1_27' title='bbox 1034 826 1068 888; x_wconf 84' lang='lat' dir='ltr'>tn</span> <span class='ocrx_word' id='word_1_28' title='bbox 1082 827 1226 907; x_wconf 87' lang='lat' dir='ltr'>operibus</span> <span class='ocrx_word' id='word_1_29' title='bbox 1250 850 1313 891; x_wconf 88' lang='lat' dir='ltr'>ms·</span> 
     </span>
     <span class='ocr_line' id='line_1_5' title="bbox 388 910 1313 990; baseline 0.008 -23"><span class='ocrx_word' id='word_1_30' title='bbox 388 928 480 968; x_wconf 90' lang='lat' dir='ltr'>nuum</span> <span class='ocrx_word' id='word_1_31' title='bbox 503 927 626 969; x_wconf 89' lang='lat' dir='ltr'>suorum</span> <span class='ocrx_word' id='word_1_32' title='bbox 638 911 879 990; x_wconf 89' lang='lat' dir='ltr'>comprehensus</span> <span class='ocrx_word' id='word_1_33' title='bbox 902 917 950 971; x_wconf 87' lang='lat' dir='ltr'>est</span> <span class='ocrx_word' id='word_1_34' title='bbox 971 918 1127 990; x_wconf 83' lang='lat' dir='ltr'>pecoetor.</span> <span class='ocrx_word' id='word_1_35' title='bbox 1172 910 1205 973; x_wconf 84' lang='lat' dir='ltr'>Si</span> <span class='ocrx_word' id='word_1_36' title='bbox 1230 914 1313 973; x_wconf 87' lang='lat' dir='ltr'>enirn</span> 
     </span>
     <span class='ocr_line' id='line_1_6' title="bbox 388 990 1315 1074; baseline 0.006 -24"><span class='ocrx_word' id='word_1_37' title='bbox 388 990 598 1070; x_wconf 71' lang='lat' dir='ltr'>expostulem,</span> <span class='ocrx_word' id='word_1_38' title='bbox 635 1011 688 1053; x_wconf 89' lang='lat' dir='ltr'>our</span> <span class='ocrx_word' id='word_1_39' title='bbox 720 993 781 1054; x_wconf 91' lang='lat' dir='ltr'>hoo</span> <span class='ocrx_word' id='word_1_40' title='bbox 802 995 938 1074; x_wconf 88' lang='lat' dir='ltr'>pessimo</span> <span class='ocrx_word' id='word_1_41' title='bbox 966 994 1133 1057; x_wconf 77' lang='lat' dir='ltr'>haereseos</span> <span class='ocrx_word' id='word_1_42' title='bbox 1154 995 1315 1056; x_wconf 70' lang='lat' dir='ltr'>inauditae</span> 
     </span>
     <span class='ocr_line' id='line_1_7' title="bbox 386 1074 1315 1156; baseline 0.006 -23"><span class='ocrx_word' id='word_1_43' title='bbox 386 1074 512 1137; x_wconf 86' lang='lat' dir='ltr'>nomine</span> <span class='ocrx_word' id='word_1_44' title='bbox 525 1093 573 1133; x_wconf 90' lang='lat' dir='ltr'>me</span> <span class='ocrx_word' id='word_1_45' title='bbox 592 1074 791 1154; x_wconf 71' lang='lat' dir='ltr'>traduxerint,</span> <span class='ocrx_word' id='word_1_46' title='bbox 814 1076 1059 1151; x_wconf 87' lang='lat' dir='ltr'>respondebunt:</span> <span class='ocrx_word' id='word_1_47' title='bbox 1082 1076 1155 1139; x_wconf 80' lang='lat' dir='ltr'>Non</span> <span class='ocrx_word' id='word_1_48' title='bbox 1174 1078 1315 1156; x_wconf 83' lang='lat' dir='ltr'>fecimus,</span> 
     </span>
     <span class='ocr_line' id='line_1_8' title="bbox 388 1155 1314 1241; baseline 0.004 -24"><span class='ocrx_word' id='word_1_49' title='bbox 388 1156 442 1217; x_wconf 90' lang='lat' dir='ltr'>sed</span> <span class='ocrx_word' id='word_1_50' title='bbox 465 1155 624 1219; x_wconf 74' lang='lat' dir='ltr'>docuimus</span> <span class='ocrx_word' id='word_1_51' title='bbox 647 1160 795 1239; x_wconf 90' lang='lat' dir='ltr'>populum</span> <span class='ocrx_word' id='word_1_52' title='bbox 830 1160 993 1235; x_wconf 75' lang='lat' dir='ltr'>salutarie,</span> <span class='ocrx_word' id='word_1_53' title='bbox 1027 1166 1058 1220; x_wconf 92' lang='lat' dir='ltr'>et</span> <span class='ocrx_word' id='word_1_54' title='bbox 1088 1160 1149 1220; x_wconf 88' lang='lat' dir='ltr'>olio</span> <span class='ocrx_word' id='word_1_55' title='bbox 1181 1169 1314 1241; x_wconf 82' lang='lat' dir='ltr'>egentes</span> 
     </span>
    </p>
   </div>
   <div class='ocr_carea' id='block_1_3' title="bbox 290 1238 1314 1321">
    <p class='ocr_par' dir='ltr' id='par_1_3' title="bbox 290 1238 1314 1321">
     <span class='ocr_line' id='line_1_9' title="bbox 290 1238 1314 1321; baseline 0.007 -23"><span class='ocrx_word' id='word_1_56' title='bbox 290 1262 292 1267; x_wconf 54' lang='lat'><strong><em>¹</em></strong></span> <span class='ocrx_word' id='word_1_57' title='bbox 389 1239 468 1299; x_wconf 87' lang='lat' dir='ltr'>haec</span> <span class='ocrx_word' id='word_1_58' title='bbox 482 1238 623 1317; x_wconf 82' lang='lat' dir='ltr'>diximus,</span> <span class='ocrx_word' id='word_1_59' title='bbox 646 1241 750 1321; x_wconf 89' lang='lat' dir='ltr'>idest,</span> <span class='ocrx_word' id='word_1_60' title='bbox 772 1242 914 1305; x_wconf 88' lang='lat' dir='ltr'>ludentes</span> <span class='ocrx_word' id='word_1_61' title='bbox 927 1243 1067 1303; x_wconf 80' lang='lat' dir='ltr'>fecimus.</span> <span class='ocrx_word' id='word_1_62' title='bbox 1110 1243 1154 1303; x_wconf 85' lang='lat' dir='ltr'>lte</span> <span class='ocrx_word' id='word_1_63' title='bbox 1172 1243 1314 1308; x_wconf 78' lang='lat' dir='ltr'>effecisse</span> 
     </span>
    </p>
   </div>
   <div class='ocr_carea' id='block_1_4' title="bbox 339 1324 1315 1991">
    <p class='ocr_par' dir='ltr' id='par_1_4' title="bbox 339 1324 1315 1991">
     <span class='ocr_line' id='line_1_10' title="bbox 387 1324 1315 1410; baseline 0.01 -30"><span class='ocrx_word' id='word_1_64' title='bbox 387 1331 531 1401; x_wconf 85' lang='lat' dir='ltr'>sperent,</span> <span class='ocrx_word' id='word_1_65' title='bbox 559 1329 592 1386; x_wconf 88' lang='lat' dir='ltr'>ut</span> <span class='ocrx_word' id='word_1_66' title='bbox 621 1344 670 1387; x_wconf 88' lang='lat' dir='ltr'>me</span> <span class='ocrx_word' id='word_1_67' title='bbox 693 1327 782 1389; x_wconf 89' lang='lat' dir='ltr'>simul</span> <span class='ocrx_word' id='word_1_68' title='bbox 805 1325 1018 1410; x_wconf 84' lang='lat' dir='ltr'>detestabilem</span> <span class='ocrx_word' id='word_1_69' title='bbox 1039 1324 1248 1405; x_wconf 71' lang='lat' dir='ltr'>reddiderint,</span> <span class='ocrx_word' id='word_1_70' title='bbox 1285 1335 1315 1389; x_wconf 87' lang='lat' dir='ltr'>et</span> 
     </span>
     <span class='ocr_line' id='line_1_11' title="bbox 390 1405 1268 1489; baseline 0.001 -18"><span class='ocrx_word' id='word_1_71' title='bbox 390 1412 493 1471; x_wconf 58' lang='lat' dir='ltr'>minen</span> <span class='ocrx_word' id='word_1_72' title='bbox 516 1405 605 1469; x_wconf 90' lang='lat' dir='ltr'>huius</span> <span class='ocrx_word' id='word_1_73' title='bbox 629 1409 754 1469; x_wconf 86' lang='lat' dir='ltr'>sceleris</span> <span class='ocrx_word' id='word_1_74' title='bbox 777 1430 796 1469; x_wconf 88' lang='lat' dir='ltr'>s</span> <span class='ocrx_word' id='word_1_75' title='bbox 818 1429 868 1470; x_wconf 89' lang='lat' dir='ltr'>me</span> <span class='ocrx_word' id='word_1_76' title='bbox 889 1408 1026 1470; x_wconf 86' lang='lat' dir='ltr'>ooouseri</span> <span class='ocrx_word' id='word_1_77' title='bbox 1050 1427 1112 1471; x_wconf 89' lang='lat' dir='ltr'>non</span> <span class='ocrx_word' id='word_1_78' title='bbox 1136 1411 1268 1489; x_wconf 80' lang='lat' dir='ltr'>possint.</span> 
     </span>
     <span class='ocr_line' id='line_1_12' title="bbox 473 1488 1314 1571; baseline 0.01 -24"><span class='ocrx_word' id='word_1_79' title='bbox 473 1488 585 1549; x_wconf 89' lang='lat' dir='ltr'>Verum</span> <span class='ocrx_word' id='word_1_80' title='bbox 609 1490 705 1551; x_wconf 86' lang='lat' dir='ltr'>defuit</span> <span class='ocrx_word' id='word_1_81' title='bbox 725 1492 888 1571; x_wconf 88' lang='lat' dir='ltr'>prudentie</span> <span class='ocrx_word' id='word_1_82' title='bbox 916 1491 1035 1554; x_wconf 86' lang='lat' dir='ltr'>miseris</span> <span class='ocrx_word' id='word_1_83' title='bbox 1057 1498 1088 1555; x_wconf 90' lang='lat' dir='ltr'>et</span> <span class='ocrx_word' id='word_1_84' title='bbox 1115 1490 1237 1553; x_wconf 88' lang='lat' dir='ltr'>obtusis</span> <span class='ocrx_word' id='word_1_85' title='bbox 1258 1494 1314 1555; x_wconf 91' lang='lat' dir='ltr'>ho-</span> 
     </span>
     <span class='ocr_line' id='line_1_13' title="bbox 339 1568 1313 1654; baseline 0.002 -21"><span class='ocrx_word' id='word_1_86' title='bbox 339 1568 340 1573; x_wconf 68' lang='grc'>’</span> <span class='ocrx_word' id='word_1_87' title='bbox 388 1570 535 1647; x_wconf 84' lang='lat' dir='ltr'>minibus,</span> <span class='ocrx_word' id='word_1_88' title='bbox 558 1592 619 1652; x_wconf 90' lang='lat' dir='ltr'>quo</span> <span class='ocrx_word' id='word_1_89' title='bbox 643 1576 741 1635; x_wconf 87' lang='lat' dir='ltr'>minus</span> <span class='ocrx_word' id='word_1_90' title='bbox 761 1575 822 1637; x_wconf 86' lang='lat' dir='ltr'>hec</span> <span class='ocrx_word' id='word_1_91' title='bbox 843 1576 960 1638; x_wconf 86' lang='lat' dir='ltr'>melitie</span> <span class='ocrx_word' id='word_1_92' title='bbox 974 1574 1152 1637; x_wconf 67' lang='lat' dir='ltr'>⁴fruerentur</span> <span class='ocrx_word' id='word_1_93' title='bbox 1172 1575 1313 1654; x_wconf 82' lang='lat' dir='ltr'>feliciter,</span> 
     </span>
     <span class='ocr_line' id='line_1_14' title="bbox 387 1655 1313 1737; baseline 0.009 -22"><span class='ocrx_word' id='word_1_94' title='bbox 387 1655 545 1716; x_wconf 84' lang='lat' dir='ltr'>convincit</span> <span class='ocrx_word' id='word_1_95' title='bbox 572 1676 627 1717; x_wconf 86' lang='lat' dir='ltr'>eos</span> <span class='ocrx_word' id='word_1_96' title='bbox 650 1659 807 1737; x_wconf 87' lang='lat' dir='ltr'>proprium</span> <span class='ocrx_word' id='word_1_97' title='bbox 829 1678 876 1720; x_wconf 90' lang='lat' dir='ltr'>os.</span> <span class='ocrx_word' id='word_1_98' title='bbox 919 1657 981 1719; x_wconf 80' lang='lat' dir='ltr'>Gur</span> <span class='ocrx_word' id='word_1_99' title='bbox 1012 1659 1095 1720; x_wconf 87' lang='lat' dir='ltr'>enirn</span> <span class='ocrx_word' id='word_1_100' title='bbox 1128 1659 1313 1723; x_wconf 86' lang='lat' dir='ltr'>vocobulum</span> 
     </span>
     <span class='ocr_line' id='line_1_15' title="bbox 390 1739 1313 1817; baseline 0.009 -22"><span class='ocrx_word' id='word_1_101' title='bbox 390 1755 501 1815; x_wconf 83' lang='lat' dir='ltr'>ursum,</span> <span class='ocrx_word' id='word_1_102' title='bbox 524 1740 785 1817; x_wconf 85' lang='lat' dir='ltr'>quodvernaoula</span> <span class='ocrx_word' id='word_1_103' title='bbox 806 1740 872 1803; x_wconf 84' lang='lat' dir='ltr'>dixi</span> <span class='ocrx_word' id='word_1_104' title='bbox 884 1741 1009 1816; x_wconf 72' lang='lat' dir='ltr'>nuntio,</span> <span class='ocrx_word' id='word_1_105' title='bbox 1031 1739 1227 1804; x_wconf 85' lang='lat' dir='ltr'>etillilatine</span> <span class='ocrx_word' id='word_1_106' title='bbox 1247 1742 1313 1803; x_wconf 88' lang='lat' dir='ltr'>red-</span> 
     </span>
     <span class='ocr_line' id='line_1_16' title="bbox 389 1818 1314 1903; baseline 0.006 -24"><span class='ocrx_word' id='word_1_107' title='bbox 389 1818 472 1893; x_wconf 80' lang='lat' dir='ltr'>dunt,</span> <span class='ocrx_word' id='word_1_108' title='bbox 495 1822 673 1899; x_wconf 80' lang='lat' dir='ltr'>partialiter,</span> <span class='ocrx_word' id='word_1_109' title='bbox 697 1830 757 1885; x_wconf 85' lang='lat' dir='ltr'>tarn</span> <span class='ocrx_word' id='word_1_110' title='bbox 782 1825 874 1885; x_wconf 84' lang='lat' dir='ltr'>anxie</span> <span class='ocrx_word' id='word_1_111' title='bbox 888 1825 1005 1883; x_wconf 79' lang='lat' dir='ltr'>iactant</span> <span class='ocrx_word' id='word_1_112' title='bbox 1025 1828 1057 1883; x_wconf 89' lang='lat' dir='ltr'>et</span> <span class='ocrx_word' id='word_1_113' title='bbox 1077 1822 1138 1885; x_wconf 89' lang='lat' dir='ltr'>huc</span> <span class='ocrx_word' id='word_1_114' title='bbox 1159 1830 1314 1903; x_wconf 84' lang='lat' dir='ltr'>torquent,</span> 
     </span>
     <span class='ocr_line' id='line_1_17' title="bbox 389 1902 1313 1991; baseline 0.009 -30"><span class='ocrx_word' id='word_1_115' title='bbox 389 1922 429 1961; x_wconf 87' lang='lat' dir='ltr'>ne</span> <span class='ocrx_word' id='word_1_116' title='bbox 452 1902 603 1967; x_wconf 84' lang='lat' dir='ltr'>Christum</span> <span class='ocrx_word' id='word_1_117' title='bbox 626 1907 796 1984; x_wconf 74' lang='lat' dir='ltr'>partialiter</span> <span class='ocrx_word' id='word_1_118' title='bbox 828 1906 935 1991; x_wconf 91' lang='lat' dir='ltr'>populi</span> <span class='ocrx_word' id='word_1_119' title='bbox 961 1904 1137 1985; x_wconf 84' lang='lat' dir='ltr'>intelligant</span> <span class='ocrx_word' id='word_1_120' title='bbox 1165 1926 1236 1967; x_wconf 86' lang='lat' dir='ltr'>esee</span> <span class='ocrx_word' id='word_1_121' title='bbox 1258 1908 1313 1969; x_wconf 91' lang='lat' dir='ltr'>suh</span> 
     </span>
    </p>
   </div>
   <div class='ocr_carea' id='block_1_5' title="bbox 292 1987 1313 2070">
    <p class='ocr_par' dir='ltr' id='par_1_5' title="bbox 292 1987 1313 2070">
     <span class='ocr_line' id='line_1_18' title="bbox 292 1987 1313 2070; baseline 0.007 -26"><span class='ocrx_word' id='word_1_122' title='bbox 292 2010 299 2025; x_wconf 74' lang='lat'><strong><em>¹</em></strong></span> <span class='ocrx_word' id='word_1_123' title='bbox 389 2004 450 2045; x_wconf 90' lang='lat' dir='ltr'>una</span> <span class='ocrx_word' id='word_1_124' title='bbox 470 1987 583 2065; x_wconf 89' lang='lat' dir='ltr'>speeie,</span> <span class='ocrx_word' id='word_1_125' title='bbox 606 1989 663 2050; x_wconf 88' lang='lat' dir='ltr'>uisi</span> <span class='ocrx_word' id='word_1_126' title='bbox 677 1988 759 2069; x_wconf 89' lang='lat' dir='ltr'>quod</span> <span class='ocrx_word' id='word_1_127' title='bbox 773 1990 935 2051; x_wconf 80' lang='lat' dir='ltr'>manifeste</span> <span class='ocrx_word' id='word_1_128' title='bbox 950 1987 1094 2070; x_wconf 86' lang='lat' dir='ltr'>produnt,</span> <span class='ocrx_word' id='word_1_129' title='bbox 1116 2008 1180 2051; x_wconf 92' lang='lat' dir='ltr'>non</span> <span class='ocrx_word' id='word_1_130' title='bbox 1194 1997 1313 2052; x_wconf 88' lang='lat' dir='ltr'>tontum</span> 
     </span>
    </p>
   </div>
   <div class='ocr_carea' id='block_1_6' title="bbox 381 2068 1315 4060">
    <p class='ocr_par' dir='ltr' id='par_1_6' title="bbox 385 2068 1315 3471">
     <span class='ocr_line' id='line_1_19' title="bbox 389 2068 1315 2149; baseline 0.008 -22"><span class='ocrx_word' id='word_1_131' title='bbox 389 2068 510 2146; x_wconf 89' lang='lat' dir='ltr'>populis</span> <span class='ocrx_word' id='word_1_132' title='bbox 532 2087 566 2129; x_wconf 90' lang='lat' dir='ltr'>se</span> <span class='ocrx_word' id='word_1_133' title='bbox 588 2069 687 2149; x_wconf 83' lang='lat' dir='ltr'>loqui,</span> <span class='ocrx_word' id='word_1_134' title='bbox 720 2071 775 2133; x_wconf 89' lang='lat' dir='ltr'>sed</span> <span class='ocrx_word' id='word_1_135' title='bbox 804 2073 895 2133; x_wconf 88' lang='lat' dir='ltr'>simul</span> <span class='ocrx_word' id='word_1_136' title='bbox 922 2089 1097 2133; x_wconf 86' lang='lat' dir='ltr'>sermonem</span> <span class='ocrx_word' id='word_1_137' title='bbox 1131 2091 1232 2133; x_wconf 90' lang='lat' dir='ltr'>meum</span> <span class='ocrx_word' id='word_1_138' title='bbox 1256 2074 1315 2135; x_wconf 91' lang='lat' dir='ltr'>heo</span> 
     </span>
     <span class='ocr_line' id='line_1_20' title="bbox 390 2150 1315 2235; baseline 0.011 -28"><span class='ocrx_word' id='word_1_139' title='bbox 390 2150 502 2229; x_wconf 84' lang='lat' dir='ltr'>insigni</span> <span class='ocrx_word' id='word_1_140' title='bbox 524 2151 643 2215; x_wconf 82' lang='lat' dir='ltr'>haeresi</span> <span class='ocrx_word' id='word_1_141' title='bbox 666 2156 878 2217; x_wconf 74' lang='lat' dir='ltr'>contaminere</span> <span class='ocrx_word' id='word_1_142' title='bbox 896 2155 1039 2220; x_wconf 82' lang='lat' dir='ltr'>voluisse,</span> <span class='ocrx_word' id='word_1_143' title='bbox 1060 2156 1147 2231; x_wconf 87' lang='lat' dir='ltr'>qussi</span> <span class='ocrx_word' id='word_1_144' title='bbox 1169 2174 1230 2235; x_wconf 87' lang='lat' dir='ltr'>ego</span> <span class='ocrx_word' id='word_1_145' title='bbox 1254 2157 1315 2219; x_wconf 90' lang='lat' dir='ltr'>hoc</span> 
     </span>
     <span class='ocr_line' id='line_1_21' title="bbox 389 2231 1314 2319; baseline 0.012 -29"><span class='ocrx_word' id='word_1_146' title='bbox 389 2231 438 2291; x_wconf 86' lang='lat' dir='ltr'>vel</span> <span class='ocrx_word' id='word_1_147' title='bbox 463 2235 623 2315; x_wconf 80' lang='lat' dir='ltr'>cogitarim</span> <span class='ocrx_word' id='word_1_148' title='bbox 645 2256 789 2316; x_wconf 87' lang='lat' dir='ltr'>unquam,</span> <span class='ocrx_word' id='word_1_149' title='bbox 814 2244 867 2297; x_wconf 87' lang='lat' dir='ltr'>ont</span> <span class='ocrx_word' id='word_1_150' title='bbox 886 2239 945 2316; x_wconf 88' lang='lat' dir='ltr'>ipsi</span> <span class='ocrx_word' id='word_1_151' title='bbox 962 2257 1001 2297; x_wconf 88' lang='lat' dir='ltr'>ex</span> <span class='ocrx_word' id='word_1_152' title='bbox 1021 2236 1121 2296; x_wconf 86' lang='lat' dir='ltr'>verbis</span> <span class='ocrx_word' id='word_1_153' title='bbox 1142 2240 1219 2299; x_wconf 87' lang='lat' dir='ltr'>meis</span> <span class='ocrx_word' id='word_1_154' title='bbox 1243 2260 1314 2319; x_wconf 88' lang='lat' dir='ltr'>poe·</span> 
     </span>
     <span class='ocr_line' id='line_1_22' title="bbox 389 2314 1313 2401; baseline 0.006 -24"><span class='ocrx_word' id='word_1_155' title='bbox 389 2314 451 2378; x_wconf 84' lang='lat' dir='ltr'>sint</span> <span class='ocrx_word' id='word_1_156' title='bbox 472 2315 534 2377; x_wconf 94' lang='lat' dir='ltr'>ullo</span> <span class='ocrx_word' id='word_1_157' title='bbox 558 2318 651 2379; x_wconf 83' lang='lat' dir='ltr'>modo</span> <span class='ocrx_word' id='word_1_158' title='bbox 675 2321 833 2401; x_wconf 86' lang='lat' dir='ltr'>colligere.</span> <span class='ocrx_word' id='word_1_159' title='bbox 877 2319 957 2394; x_wconf 77' lang='lat' dir='ltr'>Quin</span> <span class='ocrx_word' id='word_1_160' title='bbox 980 2319 1085 2399; x_wconf 83' lang='lat' dir='ltr'>potius</span> <span class='ocrx_word' id='word_1_161' title='bbox 1112 2327 1215 2382; x_wconf 87' lang='lat' dir='ltr'>certus</span> <span class='ocrx_word' id='word_1_162' title='bbox 1236 2342 1313 2399; x_wconf 88' lang='lat' dir='ltr'>sum,</span> 
     </span>
     <span class='ocr_line' id='line_1_23' title="bbox 388 2402 1313 2483; baseline 0.01 -24"><span class='ocrx_word' id='word_1_163' title='bbox 388 2416 443 2459; x_wconf 87' lang='lat' dir='ltr'>eos</span> <span class='ocrx_word' id='word_1_164' title='bbox 463 2417 532 2459; x_wconf 87' lang='lat' dir='ltr'>mee</span> <span class='ocrx_word' id='word_1_165' title='bbox 551 2402 653 2480; x_wconf 85' lang='lat' dir='ltr'>verbe,</span> <span class='ocrx_word' id='word_1_166' title='bbox 676 2422 744 2465; x_wconf 90' lang='lat' dir='ltr'>cum</span> <span class='ocrx_word' id='word_1_167' title='bbox 769 2403 1045 2483; x_wconf 85' lang='lat' dir='ltr'>sintapertissime,</span> <span class='ocrx_word' id='word_1_168' title='bbox 1067 2402 1313 2468; x_wconf 73' lang='lat' dir='ltr'>deincremento</span> 
     </span>
     <span class='ocr_line' id='line_1_24' title="bbox 389 2483 1311 2565; baseline 0.011 -26"><span class='ocrx_word' id='word_1_169' title='bbox 389 2498 444 2539; x_wconf 90' lang='lat' dir='ltr'>seu</span> <span class='ocrx_word' id='word_1_170' title='bbox 472 2483 647 2563; x_wconf 86' lang='lat' dir='ltr'>speciebus,</span> <span class='ocrx_word' id='word_1_171' title='bbox 684 2506 745 2548; x_wconf 90' lang='lat' dir='ltr'>non</span> <span class='ocrx_word' id='word_1_172' title='bbox 780 2486 820 2547; x_wconf 85' lang='lat' dir='ltr'>de</span> <span class='ocrx_word' id='word_1_173' title='bbox 842 2504 973 2565; x_wconf 91' lang='lat' dir='ltr'>corpore</span> <span class='ocrx_word' id='word_1_174' title='bbox 993 2484 1106 2546; x_wconf 76' lang='lat' dir='ltr'>Christi</span> <span class='ocrx_word' id='word_1_175' title='bbox 1140 2487 1311 2565; x_wconf 81' lang='lat' dir='ltr'>loquentiu,</span> 
     </span>
     <span class='ocr_line' id='line_1_25' title="bbox 389 2564 1309 2648; baseline 0.012 -28"><span class='ocrx_word' id='word_1_176' title='bbox 389 2580 451 2621; x_wconf 93' lang='lat' dir='ltr'>non</span> <span class='ocrx_word' id='word_1_177' title='bbox 474 2564 562 2625; x_wconf 90' lang='lat' dir='ltr'>aliter</span> <span class='ocrx_word' id='word_1_178' title='bbox 573 2567 771 2648; x_wconf 85' lang='lat' dir='ltr'>intellexisse,</span> <span class='ocrx_word' id='word_1_179' title='bbox 796 2568 939 2648; x_wconf 80' lang='lat' dir='ltr'>quamde</span> <span class='ocrx_word' id='word_1_180' title='bbox 961 2567 1133 2648; x_wconf 89' lang='lat' dir='ltr'>speciebus,</span> <span class='ocrx_word' id='word_1_181' title='bbox 1157 2577 1309 2633; x_wconf 85' lang='lat' dir='ltr'>ettamen</span> 
     </span>
     <span class='ocr_line' id='line_1_26' title="bbox 385 2644 1311 2731; baseline 0.015 -28"><span class='ocrx_word' id='word_1_182' title='bbox 385 2644 496 2724; x_wconf 84' lang='lat' dir='ltr'>insigni</span> <span class='ocrx_word' id='word_1_183' title='bbox 519 2648 751 2730; x_wconf 85' lang='lat' dir='ltr'>impudentique</span> <span class='ocrx_word' id='word_1_184' title='bbox 764 2653 910 2731; x_wconf 81' lang='lat' dir='ltr'>nequitis</span> <span class='ocrx_word' id='word_1_185' title='bbox 931 2653 961 2712; x_wconf 92' lang='lat' dir='ltr'>in</span> <span class='ocrx_word' id='word_1_186' title='bbox 984 2650 1089 2713; x_wconf 89' lang='lat' dir='ltr'>odium</span> <span class='ocrx_word' id='word_1_187' title='bbox 1108 2654 1168 2717; x_wconf 90' lang='lat' dir='ltr'>mei</span> <span class='ocrx_word' id='word_1_188' title='bbox 1191 2672 1229 2713; x_wconf 90' lang='lat' dir='ltr'>ea</span> <span class='ocrx_word' id='word_1_189' title='bbox 1251 2661 1311 2717; x_wconf 91' lang='lat' dir='ltr'>tor·</span> 
     </span>
     <span class='ocr_line' id='line_1_27' title="bbox 386 2731 1311 2814; baseline 0.011 -27"><span class='ocrx_word' id='word_1_190' title='bbox 386 2734 494 2805; x_wconf 82' lang='lat' dir='ltr'>quent,</span> <span class='ocrx_word' id='word_1_191' title='bbox 529 2731 654 2793; x_wconf 87' lang='lat' dir='ltr'>adrem</span> <span class='ocrx_word' id='word_1_192' title='bbox 678 2737 877 2813; x_wconf 77' lang='lat' dir='ltr'>sacramenti,</span> <span class='ocrx_word' id='word_1_193' title='bbox 909 2754 966 2797; x_wconf 88' lang='lat' dir='ltr'>seu</span> <span class='ocrx_word' id='word_1_194' title='bbox 992 2734 1032 2795; x_wconf 91' lang='lat' dir='ltr'>ed</span> <span class='ocrx_word' id='word_1_195' title='bbox 1054 2752 1167 2814; x_wconf 80' lang='lat' dir='ltr'>corpus</span> <span class='ocrx_word' id='word_1_196' title='bbox 1189 2736 1311 2798; x_wconf 79' lang='lat' dir='ltr'>Christi.</span> 
     </span>
     <span class='ocr_line' id='line_1_28' title="bbox 388 2808 1311 2895; baseline 0.013 -27"><span class='ocrx_word' id='word_1_197' title='bbox 388 2808 478 2890; x_wconf 79' lang='lat' dir='ltr'>Quis,</span> <span class='ocrx_word' id='word_1_198' title='bbox 508 2822 602 2895; x_wconf 84' lang='lat' dir='ltr'>roge,</span> <span class='ocrx_word' id='word_1_199' title='bbox 630 2818 865 2880; x_wconf 85' lang='lat' dir='ltr'>honestissimos</span> <span class='ocrx_word' id='word_1_200' title='bbox 895 2818 953 2879; x_wconf 90' lang='lat' dir='ltr'>hos</span> <span class='ocrx_word' id='word_1_201' title='bbox 974 2819 1056 2878; x_wconf 86' lang='lat' dir='ltr'>viros</span> <span class='ocrx_word' id='word_1_202' title='bbox 1078 2837 1141 2879; x_wconf 92' lang='lat' dir='ltr'>non</span> <span class='ocrx_word' id='word_1_203' title='bbox 1164 2820 1311 2880; x_wconf 81' lang='lat' dir='ltr'>miretur?</span> 
     </span>
     <span class='ocr_line' id='line_1_29' title="bbox 387 2891 1310 2983; baseline 0.013 -31"><span class='ocrx_word' id='word_1_204' title='bbox 387 2891 462 2967; x_wconf 80' lang='lat' dir='ltr'>Quis</span> <span class='ocrx_word' id='word_1_205' title='bbox 484 2903 580 2959; x_wconf 86' lang='lat' dir='ltr'>ortem</span> <span class='ocrx_word' id='word_1_206' title='bbox 603 2918 665 2961; x_wconf 91' lang='lat' dir='ltr'>non</span> <span class='ocrx_word' id='word_1_207' title='bbox 687 2900 793 2963; x_wconf 89' lang='lat' dir='ltr'>laudet</span> <span class='ocrx_word' id='word_1_208' title='bbox 823 2909 886 2964; x_wconf 83' lang='lat' dir='ltr'>tam</span> <span class='ocrx_word' id='word_1_209' title='bbox 920 2899 1086 2963; x_wconf 80' lang='lat' dir='ltr'>eximiam?</span> <span class='ocrx_word' id='word_1_210' title='bbox 1119 2903 1217 2980; x_wconf 87' lang='lat' dir='ltr'>quiin</span> <span class='ocrx_word' id='word_1_211' title='bbox 1240 2922 1310 2983; x_wconf 73' lang='lat' dir='ltr'>pre</span> 
     </span>
     <span class='ocr_line' id='line_1_30' title="bbox 389 2977 1312 3066; baseline 0.013 -31"><span class='ocrx_word' id='word_1_212' title='bbox 389 2977 464 3041; x_wconf 86' lang='lat' dir='ltr'>ximi</span> <span class='ocrx_word' id='word_1_213' title='bbox 488 2982 653 3057; x_wconf 87' lang='lat' dir='ltr'>perniciem</span> <span class='ocrx_word' id='word_1_214' title='bbox 678 3004 741 3045; x_wconf 92' lang='lat' dir='ltr'>non</span> <span class='ocrx_word' id='word_1_215' title='bbox 765 2992 910 3045; x_wconf 85' lang='lat' dir='ltr'>verentur</span> <span class='ocrx_word' id='word_1_216' title='bbox 931 2990 1019 3044; x_wconf 89' lang='lat' dir='ltr'>tanto</span> <span class='ocrx_word' id='word_1_217' title='bbox 1040 2982 1141 3045; x_wconf 89' lang='lat' dir='ltr'>studio</span> <span class='ocrx_word' id='word_1_218' title='bbox 1161 2986 1312 3066; x_wconf 89' lang='lat' dir='ltr'>populum</span> 
     </span>
     <span class='ocr_line' id='line_1_31' title="bbox 388 3060 1311 3146; baseline 0.009 -27"><span class='ocrx_word' id='word_1_219' title='bbox 388 3060 632 3126; x_wconf 86' lang='lat' dir='ltr'>mendacissimis</span> <span class='ocrx_word' id='word_1_220' title='bbox 669 3067 837 3129; x_wconf 77' lang='lat' dir='ltr'>mendaciis</span> <span class='ocrx_word' id='word_1_221' title='bbox 858 3066 986 3127; x_wconf 85' lang='lat' dir='ltr'>follere?</span> <span class='ocrx_word' id='word_1_222' title='bbox 1029 3065 1118 3129; x_wconf 87' lang='lat' dir='ltr'>Nunc</span> <span class='ocrx_word' id='word_1_223' title='bbox 1148 3066 1234 3146; x_wconf 85' lang='lat' dir='ltr'>vide,</span> <span class='ocrx_word' id='word_1_224' title='bbox 1269 3070 1311 3129; x_wconf 90' lang='lat' dir='ltr'>mi</span> 
     </span>
     <span class='ocr_line' id='line_1_32' title="bbox 387 3142 1311 3225; baseline 0.013 -24"><span class='ocrx_word' id='word_1_225' title='bbox 387 3142 498 3221; x_wconf 89' lang='lat' dir='ltr'>lector,</span> <span class='ocrx_word' id='word_1_226' title='bbox 521 3164 589 3207; x_wconf 88' lang='lat' dir='ltr'>cum</span> <span class='ocrx_word' id='word_1_227' title='bbox 614 3149 721 3225; x_wconf 88' lang='lat' dir='ltr'>quibus</span> <span class='ocrx_word' id='word_1_228' title='bbox 743 3148 1001 3212; x_wconf 88' lang='lat' dir='ltr'>hominibusrnihi</span> <span class='ocrx_word' id='word_1_229' title='bbox 1024 3168 1074 3208; x_wconf 90' lang='lat' dir='ltr'>res</span> <span class='ocrx_word' id='word_1_230' title='bbox 1090 3150 1138 3223; x_wconf 87' lang='lat' dir='ltr'>sit,</span> <span class='ocrx_word' id='word_1_231' title='bbox 1160 3150 1218 3210; x_wconf 92' lang='lat' dir='ltr'>hos</span> <span class='ocrx_word' id='word_1_232' title='bbox 1240 3152 1311 3213; x_wconf 81' lang='lat' dir='ltr'>suh</span> 
     </span>
     <span class='ocr_line' id='line_1_33' title="bbox 385 3224 1309 3312; baseline 0.013 -29"><span class='ocrx_word' id='word_1_233' title='bbox 385 3224 492 3302; x_wconf 89' lang='lat' dir='ltr'>dolos,</span> <span class='ocrx_word' id='word_1_234' title='bbox 522 3229 693 3309; x_wconf 75' lang='lat' dir='ltr'>malignos,</span> <span class='ocrx_word' id='word_1_235' title='bbox 723 3232 836 3312; x_wconf 86' lang='lat' dir='ltr'>impios</span> <span class='ocrx_word' id='word_1_236' title='bbox 863 3234 962 3312; x_wconf 87' lang='lat' dir='ltr'>potior</span> <span class='ocrx_word' id='word_1_237' title='bbox 990 3230 1170 3293; x_wconf 87' lang='lat' dir='ltr'>eruditores.</span> <span class='ocrx_word' id='word_1_238' title='bbox 1214 3234 1309 3296; x_wconf 87' lang='lat' dir='ltr'>Teles</span> 
     </span>
     <span class='ocr_line' id='line_1_34' title="bbox 386 3307 1309 3395; baseline 0.014 -28"><span class='ocrx_word' id='word_1_239' title='bbox 386 3307 480 3372; x_wconf 84' lang='lat' dir='ltr'>habet</span> <span class='ocrx_word' id='word_1_240' title='bbox 501 3311 642 3389; x_wconf 86' lang='lat' dir='ltr'>ecclesia,</span> <span class='ocrx_word' id='word_1_241' title='bbox 665 3314 758 3376; x_wconf 91' lang='lat' dir='ltr'>habet</span> <span class='ocrx_word' id='word_1_242' title='bbox 771 3314 859 3392; x_wconf 86' lang='lat' dir='ltr'>tides,</span> <span class='ocrx_word' id='word_1_243' title='bbox 882 3314 975 3378; x_wconf 77' lang='lat' dir='ltr'>hebet</span> <span class='ocrx_word' id='word_1_244' title='bbox 989 3314 1147 3376; x_wconf 83' lang='lat' dir='ltr'>Romanus</span> <span class='ocrx_word' id='word_1_245' title='bbox 1165 3318 1309 3395; x_wconf 82' lang='lat' dir='ltr'>pontifex</span> 
     </span>
     <span class='ocr_line' id='line_1_35' title="bbox 385 3389 877 3471; baseline 0.016 -25"><span class='ocrx_word' id='word_1_246' title='bbox 385 3389 505 3466; x_wconf 76' lang='lat' dir='ltr'>milites,</span> <span class='ocrx_word' id='word_1_247' title='bbox 528 3400 676 3471; x_wconf 88' lang='lat' dir='ltr'>petrones</span> <span class='ocrx_word' id='word_1_248' title='bbox 700 3404 730 3457; x_wconf 89' lang='lat' dir='ltr'>et</span> <span class='ocrx_word' id='word_1_249' title='bbox 753 3405 877 3459; x_wconf 79' lang='lat' dir='ltr'>tutores,</span> 
     </span>
    </p>

    <p class='ocr_par' dir='ltr' id='par_1_7' title="bbox 381 3472 1310 4060">
     <span class='ocr_line' id='line_1_36' title="bbox 468 3472 1310 3559; baseline 0.007 -22"><span class='ocrx_word' id='word_1_250' title='bbox 468 3472 530 3537; x_wconf 79' lang='lat' dir='ltr'>Sed</span> <span class='ocrx_word' id='word_1_251' title='bbox 552 3484 585 3538; x_wconf 90' lang='lat' dir='ltr'>ut</span> <span class='ocrx_word' id='word_1_252' title='bbox 606 3485 654 3541; x_wconf 87' lang='lat' dir='ltr'>est</span> <span class='ocrx_word' id='word_1_253' title='bbox 675 3481 790 3541; x_wconf 86' lang='lat' dir='ltr'>invidie</span> <span class='ocrx_word' id='word_1_254' title='bbox 813 3480 946 3558; x_wconf 84' lang='lat' dir='ltr'>lubrico,</span> <span class='ocrx_word' id='word_1_255' title='bbox 969 3479 1165 3559; x_wconf 87' lang='lat' dir='ltr'>prudensque</span> <span class='ocrx_word' id='word_1_256' title='bbox 1186 3480 1245 3543; x_wconf 89' lang='lat' dir='ltr'>sibi</span> <span class='ocrx_word' id='word_1_257' title='bbox 1267 3484 1310 3543; x_wconf 89' lang='lat' dir='ltr'>vi-</span> 
     </span>
     <span class='ocr_line' id='line_1_37' title="bbox 386 3555 1309 3641; baseline 0.015 -28"><span class='ocrx_word' id='word_1_258' title='bbox 386 3555 491 3630; x_wconf 85' lang='lat' dir='ltr'>detur,</span> <span class='ocrx_word' id='word_1_259' title='bbox 514 3557 629 3623; x_wconf 86' lang='lat' dir='ltr'>dicent:</span> <span class='ocrx_word' id='word_1_260' title='bbox 657 3563 727 3625; x_wconf 89' lang='lat' dir='ltr'>Non</span> <span class='ocrx_word' id='word_1_261' title='bbox 751 3571 783 3624; x_wconf 90' lang='lat' dir='ltr'>ut</span> <span class='ocrx_word' id='word_1_262' title='bbox 805 3564 858 3625; x_wconf 90' lang='lat' dir='ltr'>tihi</span> <span class='ocrx_word' id='word_1_263' title='bbox 879 3580 1077 3641; x_wconf 83' lang='lat' dir='ltr'>noceremus,</span> <span class='ocrx_word' id='word_1_264' title='bbox 1099 3562 1309 3627; x_wconf 73' lang='lat' dir='ltr'>fraudulenter</span> 
     </span>
     <span class='ocr_line' id='line_1_38' title="bbox 383 3636 1308 3727; baseline 0.014 -31"><span class='ocrx_word' id='word_1_265' title='bbox 383 3636 461 3699; x_wconf 90' lang='lat' dir='ltr'>haec</span> <span class='ocrx_word' id='word_1_266' title='bbox 483 3639 627 3722; x_wconf 84' lang='lat' dir='ltr'>diximus,</span> <span class='ocrx_word' id='word_1_267' title='bbox 650 3646 706 3707; x_wconf 89' lang='lat' dir='ltr'>sed</span> <span class='ocrx_word' id='word_1_268' title='bbox 728 3646 1033 3727; x_wconf 71' lang='lat' dir='ltr'>praeoccupavimus,</span> <span class='ocrx_word' id='word_1_269' title='bbox 1055 3664 1096 3707; x_wconf 91' lang='lat' dir='ltr'>ne</span> <span class='ocrx_word' id='word_1_270' title='bbox 1113 3645 1239 3707; x_wconf 87' lang='lat' dir='ltr'>verbum</span> <span class='ocrx_word' id='word_1_271' title='bbox 1262 3653 1308 3709; x_wconf 89' lang='lat' dir='ltr'>tn·</span> 
     </span>
     <span class='ocr_line' id='line_1_39' title="bbox 383 3724 1308 3811; baseline 0.016 -32"><span class='ocrx_word' id='word_1_272' title='bbox 383 3740 433 3779; x_wconf 89' lang='lat' dir='ltr'>um</span> <span class='ocrx_word' id='word_1_273' title='bbox 455 3724 630 3802; x_wconf 80' lang='lat' dir='ltr'>ambiguum</span> <span class='ocrx_word' id='word_1_274' title='bbox 644 3728 723 3790; x_wconf 81' lang='lat' dir='ltr'>falso</span> <span class='ocrx_word' id='word_1_275' title='bbox 736 3731 944 3811; x_wconf 85' lang='lat' dir='ltr'>intelligerent</span> <span class='ocrx_word' id='word_1_276' title='bbox 957 3729 1075 3809; x_wconf 88' lang='lat' dir='ltr'>populi.</span> <span class='ocrx_word' id='word_1_277' title='bbox 1097 3730 1308 3808; x_wconf 79' lang='lat' dir='ltr'>Respondent</span> 
     </span>
     <span class='ocr_line' id='line_1_40' title="bbox 383 3802 1308 3891; baseline 0.014 -28"><span class='ocrx_word' id='word_1_278' title='bbox 383 3802 443 3863; x_wconf 83' lang='lat' dir='ltr'>Gur</span> <span class='ocrx_word' id='word_1_279' title='bbox 465 3825 527 3867; x_wconf 92' lang='lat' dir='ltr'>non</span> <span class='ocrx_word' id='word_1_280' title='bbox 550 3811 581 3869; x_wconf 85' lang='lat' dir='ltr'>el</span> <span class='ocrx_word' id='word_1_281' title='bbox 602 3811 632 3871; x_wconf 89' lang='lat' dir='ltr'>in</span> <span class='ocrx_word' id='word_1_282' title='bbox 655 3832 711 3873; x_wconf 86' lang='lat' dir='ltr'>suo</span> <span class='ocrx_word' id='word_1_283' title='bbox 742 3814 890 3875; x_wconf 88' lang='lat' dir='ltr'>schedula</span> <span class='ocrx_word' id='word_1_284' title='bbox 923 3819 1082 3891; x_wconf 80' lang='lat' dir='ltr'>oumrunt,</span> <span class='ocrx_word' id='word_1_285' title='bbox 1114 3819 1148 3873; x_wconf 90' lang='lat' dir='ltr'>nt</span> <span class='ocrx_word' id='word_1_286' title='bbox 1181 3813 1308 3876; x_wconf 84' lang='lat' dir='ltr'>verbum</span> 
     </span>
     <span class='ocr_line' id='line_1_41' title="bbox 383 3888 1308 3979; baseline 0.015 -34"><span class='ocrx_word' id='word_1_287' title='bbox 383 3903 489 3979; x_wconf 78' lang='lat' dir='ltr'>eorum</span> <span class='ocrx_word' id='word_1_288' title='bbox 518 3888 696 3973; x_wconf 78' lang='lat' dir='ltr'>ambiguum</span> <span class='ocrx_word' id='word_1_289' title='bbox 729 3897 837 3975; x_wconf 88' lang='lat' dir='ltr'>populi</span> <span class='ocrx_word' id='word_1_290' title='bbox 865 3898 896 3957; x_wconf 92' lang='lat' dir='ltr'>in</span> <span class='ocrx_word' id='word_1_291' title='bbox 918 3897 979 3958; x_wconf 89' lang='lat' dir='ltr'>mei</span> <span class='ocrx_word' id='word_1_292' title='bbox 1011 3895 1116 3957; x_wconf 88' lang='lat' dir='ltr'>odium</span> <span class='ocrx_word' id='word_1_293' title='bbox 1142 3895 1222 3957; x_wconf 84' lang='lat' dir='ltr'>iolso</span> <span class='ocrx_word' id='word_1_294' title='bbox 1242 3916 1308 3959; x_wconf 86' lang='lat' dir='ltr'>non</span> 
     </span>
     <span class='ocr_line' id='line_1_42' title="bbox 381 3968 1307 4060; baseline 0.005 -20"><span class='ocrx_word' id='word_1_295' title='bbox 381 3968 606 4052; x_wconf 63' lang='lat' dir='ltr'>colligerent?</span> <span class='ocrx_word' id='word_1_296' title='bbox 650 3996 704 4041; x_wconf 88' lang='lat' dir='ltr'>our</span> <span class='ocrx_word' id='word_1_297' title='bbox 741 3986 814 4041; x_wconf 87' lang='lat' dir='ltr'>sunt</span> <span class='ocrx_word' id='word_1_298' title='bbox 836 3986 906 4042; x_wconf 79' lang='lat' dir='ltr'>tom</span> <span class='ocrx_word' id='word_1_299' title='bbox 941 3980 1138 4060; x_wconf 81' lang='lat' dir='ltr'>impatientes</span> <span class='ocrx_word' id='word_1_300' title='bbox 1171 3980 1205 4042; x_wconf 91' lang='lat' dir='ltr'>in</span> <span class='ocrx_word' id='word_1_301' title='bbox 1229 3981 1307 4045; x_wconf 82' lang='lat' dir='ltr'>mois</span> 
     </span>
    </p>
   </div>
   <div class='ocr_carea' id='block_1_7' title="bbox 0 0 1584 4792">
    <p class='ocr_par' dir='ltr' id='par_1_8' title="bbox 0 0 1584 4792">
     <span class='ocr_line' id='line_1_43' title="bbox 0 0 1584 4792; baseline 0 2"><span class='ocrx_word' id='word_1_302' title='bbox 0 0 1584 4792; x_wconf 95' lang='lat' dir='ltr'> </span> 
     </span>
    </p>
   </div>
  </div>
 </body>
</html>
