3159 4792
369 509 434 577 248
695 513 842 567 Truatatns
863 513 972 567 lutberl

370 706 402 763 et
424 699 517 762 lidele
537 701 701 763 disorinren
735 702 872 762 omnium
906 719 1033 782 operum
1068 706 1100 762 et
1124 701 1227 783 legum
1250 719 1300 762 aa

302 823 306 832 -
369 785 481 865 oipere,
504 792 536 845 et
557 786 645 860 seire,
667 786 718 864 qui
741 792 813 845 sunt
829 783 860 861 ¹)
885 787 980 863 oaeoi,
1002 785 1096 858 stulti,
1119 791 1150 845 et
1173 785 1224 864 qui
1234 788 1300 844 veri

371 876 403 930 et
424 869 498 929 boui
532 878 682 947 pastores.
726 867 805 927 Nam
826 868 1031 948 quodeunque
1054 886 1133 948 opus
1155 887 1218 928 non
1240 867 1302 926 huo

373 950 474 1012 solum
498 951 651 1030 dirigitur,
674 958 708 1011 ut
730 950 856 1011 batuel
879 951 917 1012 ad
940 951 1152 1032 uestigandum
1176 969 1298 1030 eorpus,

365 1033 424 1110 „vel
452 1033 491 1094 ad
516 1034 696 1112 obsequium
729 1035 862 1113 proximi
886 1033 1047 1114 (modo²)
1071 1043 1179 1094 eontra
1200 1033 1299 1094 Deum

374 1116 450 1177 nibil
470 1115 636 1198 postulet),
659 1137 722 1176 non
745 1123 794 1178 est
815 1117 929 1178 bonurn
951 1117 1239 1178 neonristianum.
1263 1116 1302 1176 Et

373 1200 445 1259 bina
467 1218 526 1280 ego
549 1200 751 1260 vehementer
770 1207 887 1276 metuo,
909 1219 1008 1280 pauca
1029 1200 1079 1260 vel
1101 1200 1185 1259 nulla
1208 1199 1300 1260 eolle-

372 1283 439 1363 gia‚
471 1284 673 1362 monasteria,
708 1284 834 1359 altaria,
866 1283 968 1344 oflioia
1000 1283 1210 1344 eoelesiastioa
1232 1301 1302 1342 esse

374 1364 547 1425 Christiana
568 1365 677 1443 hodie,
707 1385 766 1426 nea
791 1385 852 1426 non
877 1373 908 1426 et
928 1367 1042 1427 ieiunia
1061 1373 1093 1426 et
1114 1365 1300 1446 presulas³)
1403 1371 1404 1428 l

374 1448 549 1529 peculiares
573 1448 612 1509 de
636 1449 726 1509 certis
740 1449 872 1510 Sanctis.
915 1451 1029 1524 Metuo,
1051 1453 1186 1527 inquam,
1208 1449 1240 1508 in
1255 1448 1302 1508 bis
1403 1479 1404 1482 ¹

373 1531 521 1593 omnibus
543 1534 648 1612 quaeri
673 1534 808 1592 nonnisi
833 1553 880 1606 ea,
902 1551 983 1611 quae
997 1540 1105 1594 nostra
1126 1538 1207 1608 suut,
1229 1531 1303 1591 dum
1403 1563 1404 1610 3

372 1614 558 1675 arbitramur
579 1635 635 1696 per
655 1614 734 1675 haee
756 1619 878 1696 purgari
902 1622 1031 1696 peecata
1053 1621 1177 1692 nostra,
1200 1622 1233 1674 et
1255 1635 1302 1674 sa-
1403 1669 1404 1678 ,

374 1699 467 1758 lutem
494 1699 639 1775 inveniri,
667 1706 699 1758 et
721 1699 766 1758 sio
787 1699 922 1758 funditus
946 1700 1151 1778 exstinguitur
1174 1697 1301 1757 libertas
1403 1749 1404 1754 ,

372 1780 563 1857 Christiana,
599 1781 682 1858 quod
704 1800 744 1841 ex
764 1782 940 1862 ignorantia
962 1780 1155 1841 Christianae
1177 1779 1250 1840 fidei
1274 1788 1306 1840 et

374 1864 522 1924 libertatis
535 1862 567 1939 ⁴)
592 1863 734 1945 verim).

457 1945 556 2021 Quam
584 1947 789 2026 ignorantiam
823 1954 855 2006 et
881 1946 1031 2007 libertatis
1065 1947 1302 2026 oppressionem

373 2029 497 2108 plurimi
525 2029 755 2107 caecissimique
788 2036 930 2108 pastores
961 2029 1070 2090 sedulo
1107 2027 1303 2106 confirmant,

374 2109 446 2170 dum
469 2111 602 2191 populos
623 2114 655 2171 in
678 2131 716 2171 ea
737 2113 837 2172 studia
853 2112 1021 2174 sollieitant
1043 2119 1074 2172 et
1094 2119 1216 2192 urgent,
1239 2111 1302 2171 lau-

374 2193 477 2254 dando
499 2213 537 2254 ea
558 2203 589 2254 et
610 2195 672 2255 suis
693 2195 893 2274 indulgentiis
910 2194 1058 2272 inflando,
1084 2194 1176 2254 iidem
1199 2203 1301 2255 autem

373 2296 529 2356 nunquam
551 2277 704 2340 doeendo.
747 2278 816 2358 Ego
838 2285 941 2338 autem
963 2278 1016 2338 tibi
1029 2278 1201 2338 oonsultum
1218 2278 1303 2357 volo,

375 2361 400 2420 si
422 2361 579 2441 quippiam
601 2360 690 2420 voles
713 2379 822 2438 orare,
844 2361 1000 2438 ieiunare,
1033 2362 1137 2421 autin
1161 2359 1302 2421 eoelesiis
1404 2410 1405 2428 ,

373 2443 510 2519 fundare,
523 2450 692 2521 utranam,
705 2463 781 2504 eave
795 2444 888 2504 facias
903 2463 940 2504 eo
956 2443 1027 2520 flue,
1040 2462 1100 2521 quo
1115 2442 1168 2505 tibi
1186 2443 1303 2522 aliquid

374 2525 528 2586 commodi
542 2527 606 2585 sive
617 2527 806 2605 temporalis,
820 2528 887 2586 sive
902 2527 1018 2587 aeterni
1034 2545 1134 2606 peres.
1157 2525 1301 2586 Iniuria-m
1404 2523 1405 2604 ξ

374 2610 455 2668 enim
478 2607 549 2668 fidei
571 2609 759 2682 tuaefaoles,
782 2628 864 2690 quae
875 2609 943 2670 sola
965 2609 1018 2669 tibi
1036 2612 1140 2670 omnia
1161 2609 1300 2688 praebet,
1404 2621 1405 2636 ¹

374 2689 445 2750 ideo
467 2690 535 2751 sola
557 2691 702 2767 curanda,
724 2700 758 2752 ut
781 2699 938 2772 augeatur,
961 2693 1026 2753 aive
1048 2691 1210 2771 operibus,
1234 2694 1303 2752 sive

376 2773 571 2851 passionibus
595 2776 739 2834 exercita.
783 2775 844 2834 Sed
874 2775 914 2835 da
947 2774 1029 2854 quod
1059 2773 1114 2834 das
1151 2773 1248 2836 libere
1271 2785 1303 2835 et

374 2858 484 2934 gratis,
514 2863 547 2915 ut
570 2856 621 2916 alii
644 2864 735 2917 exte
757 2860 872 2936 tuaque
895 2859 1032 2918 bonitate
1054 2864 1242 2938 augescant,
1273 2867 1303 2917 et

375 2939 454 2999 bene
475 2939 618 3000 babeant
662 2939 714 3001 Sin
735 2942 817 3000 enim
841 2942 899 3000 eris
933 2959 1006 3001 vere
1040 2940 1139 3000 bonus
1163 2943 1194 3000 et
1215 2940 1301 3000 Obri-

374 3022 501 3082 stianus.
544 3021 623 3097 Quid
647 3025 727 3081 enim
751 3023 806 3082 tibi
827 3023 911 3084 bona
933 3031 963 3084 et
977 3042 1072 3103 opera
1094 3020 1198 3104 roal),
1222 3042 1303 3102 quae

373 3104 413 3163 ad
435 3106 575 3184 eorporis
597 3106 831 3186 castigationem
854 3105 1118 3186 superabundant,
1154 3125 1225 3166 oum
1250 3106 1303 3167 ab·

372 3185 471 3247 undes
493 3207 549 3266 pro
572 3193 603 3246 te
625 3187 793 3266 perfidem
816 3197 916 3266 tuam,
952 3190 983 3248 in
1017 3208 1077 3268 qua
1113 3187 1165 3248 tibi
1197 3190 1302 3249 omnia

376 3267 504 3329 donavit
525 3269 631 3330 Deus?

456 3351 503 3411 En
526 3354 587 3412 ista
596 3350 720 3432 regula:
742 3353 884 3432 Oportet,
906 3362 948 3430 ut,
962 3373 1041 3432 quae
1064 3374 1102 3413 ex
1118 3354 1184 3413 Deo
1207 3353 1302 3414 habe-

373 3453 442 3495 mus
463 3434 563 3511 bona,
596 3434 693 3494 fluant
715 3455 752 3494 ex
776 3455 837 3497 uno
861 3437 891 3496 in
924 3437 1033 3510 elium
1072 3445 1103 3496 et
1125 3438 1303 3496 eommunia

372 3516 468 3593 liant,
503 3523 537 3577 ut
564 3519 774 3596 unusquisque
797 3520 969 3597 proximum
993 3539 1079 3578 suurn
1102 3519 1233 3594 induat,
1271 3527 1303 3580 et

426 3726 456 3796 1)
476 3727 560 3781 Iued.
578 3729 662 3784 1521:
683 3730 746 3782 sint.
766 3729 930 3791 illbidem:
950 3729 996 3782 ubi
1009 3736 1114 3784 eontra.
1152 3731 1183 3797 3)
1205 3730 1237 3784 In
1258 3730 1301 3785 ed.

374 3799 458 3868 orig:
478 3799 616 3866 preculas.
654 3801 687 3866 l]
709 3800 739 3852 ln
761 3801 824 3852 edit.
845 3801 926 3857 1521:
947 3801 1009 3854 fidei
1031 3801 1206 3856 Christianae
1225 3807 1253 3856 et
1271 3803 1301 3855 li·

374 3870 519 3924 berrimae.
541 3872 574 3936 5)
595 3871 626 3925 In
647 3871 690 3924 ed.
710 3874 781 3939 orig.
802 3874 842 3924 sio
863 3873 888 3926 le
911 3874 976 3925 itur:
996 3873 1071 3941 quod
1092 3891 1127 3928 ex
1148 3873 1211 3928 fidei
1231 3874 1300 3928 obri·

372 3941 647 4066 absuuetlliberrime.
669 3971 701 3981 -
722 3945 752 4005 ὃ)
773 3943 806 3996 In
825 3944 867 3998 ed.
886 3889 962 4000 fem:
983 3945 1134 4014 quidenim
1154 3947 1205 3998 tibi
1224 3946 1302 4000 bona

373 4025 460 4080 opera
517 4029 542 4065 a.
