3159 4792
526 548 561 601 aa
580 544 944 605 scammarnuuaona.
1145 538 1208 613 139

287 741 335 801 vel
357 742 459 822 ipsum
483 742 677 824 evangelium
698 742 867 822 respuunt?
897 740 1044 821 numquid
1072 739 1143 801 ideo
1164 740 1210 800 in-

289 824 472 887 saniendum
497 826 600 887 esset?

370 908 503 988 Verum,
537 910 660 989 quando
681 909 771 983 huius
803 907 969 969 schedulae
998 906 1133 987 quisquis
1162 912 1211 967 est

287 998 378 1053 autor
413 1012 451 1053 ec
474 994 626 1073 processit
647 994 796 1071 insaniae,
817 998 850 1052 ut
871 1010 933 1052 uon
957 996 1119 1051 contentus
1141 1007 1211 1049 mea

287 1075 464 1137 abolevisse
485 1076 661 1155 schismata,
684 1076 883 1151 scandaloso,
905 1074 1096 1155 periculosa,
1118 1078 1212 1132 teme·
1305 1128 1314 1135 .

286 1160 377 1238 raria,
402 1167 668 1239 praesumptuosa,
690 1160 860 1236 turbativa,
884 1163 915 1217 et
936 1160 1081 1217 aeternae
1103 1157 1210 1215 mortis

287 1241 446 1302 inductiva
467 1242 581 1303 audeat
601 1244 764 1320 criminari,
787 1254 868 1322 quae
895 1259 955 1321 ego
978 1259 1036 1300 nec
1057 1238 1212 1319 praecepi,
1293 1308 1299 1317 Ι

288 1344 347 1385 nec
375 1326 535 1405 consului,
557 1326 612 1387 sed
634 1328 664 1386 in
687 1327 883 1388 autoritatem
906 1322 1037 1384 Consilii
1058 1322 1212 1403 generalis

288 1409 432 1489 reposui,
457 1408 567 1470 deiude
591 1430 629 1471 ea
649 1411 718 1490 ipsa
750 1427 874 1490 quoque
903 1408 964 1467 sint
989 1405 1029 1467 de
1065 1422 1213 1487 expresso

289 1499 376 1552 textu
400 1493 478 1551 sacri
507 1494 676 1575 evangelii,
710 1500 741 1554 et
772 1494 868 1572 longo
892 1490 1090 1551 ecclesiarum
1120 1488 1213 1548 totius

289 1574 372 1635 orbis
402 1594 459 1634 usu
499 1578 724 1657 receptissima:
760 1582 887 1639 coactus
922 1592 1007 1651 sum,
1045 1571 1211 1632 Oananaeo

288 1658 360 1717 huic
390 1656 505 1719 furenti
530 1678 691 1721 occurrere
720 1667 750 1721 et
766 1658 883 1719 rabiem
906 1658 937 1716 in
960 1673 1078 1715 sacram
1102 1652 1215 1713 Christi

290 1741 463 1801 doctrinam
495 1749 527 1803 et
547 1744 641 1805 vitam
664 1744 820 1822 totiusque
842 1740 993 1801 ecclesiae
1016 1737 1212 1799 autoritatem

291 1823 533 1887 debacchantem
557 1828 710 1907 excipere.

372 1906 477 1986 Atque
498 1909 548 1969 hic
568 1917 610 1988 te,
632 1910 739 1986 lector,
762 1917 851 1989 teste,
872 1910 921 1971 his
943 1911 1064 1991 scriptis
1081 1909 1214 1990 excipio,

290 2000 516 2073 exceptumque
543 1994 615 2054 volo
642 1994 858 2055 Reverendum
890 1996 921 2054 in
943 1993 1063 2055 Christo
1092 1992 1214 2054 Patrem

291 2075 457 2136 Dominum
479 2074 667 2158 Episcopum
690 2077 894 2155 lllisnensem,
917 2079 1002 2137 cuius
1030 2084 1062 2137 et
1083 2076 1212 2138 eruditio

290 2164 321 2217 et
348 2158 413 2218 vita
441 2175 492 2218 ma
536 2177 554 2220 o
588 2162 723 2220 omnium
753 2178 906 2221 consensu
945 2159 1130 2221 celebratior
1157 2166 1214 2239 est,

291 2260 380 2320 quam
404 2245 438 2300 ut
458 2260 497 2302 ve
530 2243 656 2304 insanus
678 2243 805 2304 credere
825 2244 940 2324 possit,
969 2241 1059 2303 huius
1085 2242 1215 2303 monstri

292 2342 360 2384 esse
390 2329 540 2387 autorem.
588 2325 726 2387 Eandem
763 2327 939 2407 opinionem
970 2335 1001 2386 et
1034 2325 1073 2385 de
1103 2327 1213 2387 ceteris

292 2406 430 2467 eiusdem
453 2407 586 2488 capituli
608 2410 740 2471 dominis
762 2405 919 2471 canonicis
940 2408 1056 2489 habeo,
1079 2406 1140 2468 duo
1162 2413 1216 2467 aut

292 2493 352 2551 tres
375 2490 527 2551 duntaxat
547 2498 618 2555 sunt
639 2493 861 2574 sycophantae,
883 2492 1009 2572 quibus,
1031 2491 1114 2572 quod
1136 2492 1214 2569 tanti

292 2573 446 2653 pontificis
469 2578 501 2634 et
523 2576 674 2637 ecclesiae
695 2576 784 2637 titulo
807 2577 837 2636 in
861 2594 935 2636 suae
956 2576 1097 2635 inscitiae
1119 2580 1150 2635 et
1170 2575 1214 2634 in·

292 2656 393 2717 vidiae
415 2658 617 2737 patrocinium
641 2658 816 2739 abutuntur,
838 2658 1105 2739 respondendum,
1126 2676 1214 2738 quos,

292 2738 394 2800 donec
416 2742 554 2820 seipsos
575 2741 723 2821 prodant,
744 2760 807 2803 nou
831 2742 974 2821 nomino,
997 2742 1069 2802 licet
1097 2743 1214 2823 optime

292 2824 433 2884 noverim
458 2823 579 2886 diverso
602 2825 673 2886 loco
696 2828 832 2905 positos,
863 2824 1003 2885 sednon
1026 2825 1148 2885 diverso
1170 2824 1218 2885 in-

292 2907 383 2987 genio
407 2914 438 2966 et
459 2906 560 2968 studio
585 2910 777 2970 coniunctos.
1129 2921 1134 2931 ’

577 3052 750 3117 Schedulae
771 3058 862 3113 tenor
875 3053 923 3128 *).

375 3188 530 3251 Iohannes
561 3187 619 3249 Dei
648 3194 679 3249 et
712 3184 906 3269 apostolicae
934 3186 1017 3255 sedis
1059 3186 1215 3265 ingenuae

294 3274 392 3353 gratia
413 3272 577 3333 Misneusis
601 3272 752 3352 ecclesiae
772 3270 994 3352 episcopus-1).

375 3354 424 3415 Ex
446 3354 583 3431 iniuncto
612 3355 760 3437 pastorali
790 3352 879 3415 nobis
910 3352 1015 3415 officio
1043 3349 1216 3429 obligamur

293 3441 356 3501 veri
378 3438 512 3518 pastoris
531 3437 566 3498 'et
586 3437 798 3520 circumspecti
821 3437 1034 3517 speculatoris,
1056 3452 1118 3497 nou
1140 3432 1215 3511 sugi-

293 3522 345 3583 tivi
371 3520 551 3581 mercenarii
573 3519 709 3581 officium
733 3522 850 3599 facere,
881 3527 914 3581 et
940 3518 1126 3585 dominicum
1148 3533 1214 3594 gre·

293 3624 362 3686 gem
386 3604 477 3666 nobis
500 3603 660 3685 creditum,
681 3602 796 3667 nedum
818 3624 838 3665 a
858 3602 1086 3689 praesentibus,
1109 3617 1215 3663 verum

301 3748 719 3775 ,ψη-ομ..

365 3868 398 3932 1)
417 3866 449 3917 ln
469 3864 511 3920 ed.
528 3864 592 3919 den.
610 3867 726 3935 legitur:
751 3866 893 3922 lohannes
914 3867 965 3921 Dei
991 3872 1018 3919 et
1042 3869 1214 3934 apostolicae

295 3937 365 3993 aedis
385 3940 477 4007 gratia
494 3938 637 3991 llisnensis
655 3940 795 4009 ingenuae
814 3939 948 3993 ecclesiae
967 3941 1122 4007 episcopus.

363 4014 392 4076 ·)
412 4010 464 4063 Hic
492 4008 645 4064 Sobedulae
675 4017 755 4064 tcuor
786 4012 817 4063 in
849 4010 891 4063 ed.
925 4012 994 4080 orig.
1020 4011 1160 4064 iuvenitur
1185 4012 1216 4069 iu

295 4082 375 4137 finem
392 4081 481 4139 libelli
498 4081 626 4139 reiectus.
1220 4086 1223 4093 '
