3159 4792
372 525 434 593 128
588 528 697 582 'rossus
716 526 830 584 consus
847 526 883 583 D.
902 524 936 582 u.
958 524 1069 581 Luthsri

371 713 482 797 flgurst
503 718 728 784 sacromentum
755 714 861 775 ultoris
894 716 925 774 iu
955 733 1036 795 psus
1061 721 1095 774 st
1123 714 1214 791 vino,
1242 714 1294 775 ubi

373 817 465 859 unum
485 816 609 877 osipus,
632 816 709 857 unus
730 798 830 877 ponis,
851 818 929 858 uuus
946 806 1037 878 potus
1047 796 1088 857 ob
1099 796 1292 877 apostolo*)

372 881 511 943 dioimur.
554 880 630 956 Quis
666 881 746 940 euim
783 881 912 941 offendit
942 882 1121 961 portioulum
1144 882 1294 960 oorporis,

371 966 403 1025 in
432 982 493 1043 quo
520 983 584 1023 non
613 972 710 1024 totum
744 982 857 1044 eorpus
878 963 1036 1025 offendet?
1078 960 1159 1037 Quid
1181 964 1296 1043 psu‘tur

370 1054 527 1107 extremus
547 1047 636 1126 pedis
658 1046 830 1125 fodiemus,
860 1049 942 1127 quod
971 1066 1035 1108 non
1063 1047 1176 1127 potitur
1190 1049 1222 1125 Ι)
1249 1057 1295 1107 to·

371 1138 435 1191 tum
449 1129 588 1210 oorpusi.
609 1129 694 1210 quod
718 1130 900 1192 benefioium
924 1131 1078 1191 confertur
1097 1130 1129 1189 in
1152 1130 1295 1210 pedibus,

371 1214 402 1273 in
425 1231 486 1292 quo
508 1231 573 1273 non
594 1213 730 1293 gsudsst
750 1231 862 1293 eorpus
884 1214 1007 1275 totum?
1045 1216 1087 1273 At
1113 1232 1171 1273 uos
1200 1231 1295 1274 unum

372 1315 484 1377 oorpus
505 1316 621 1357 sumus.
664 1294 819 1375 Quidquid
841 1297 919 1357 alius
947 1298 1074 1377 potitur,
1104 1314 1165 1376 ego
1194 1297 1297 1377 potior

370 1388 405 1440 ot
423 1378 500 1443 iero.
523 1432 524 1435 ,
544 1378 698 1459 Quidquid
713 1374 802 1439 *bend
822 1378 857 1441 ut
877 1381 922 1458 si,
955 1380 1029 1441 mihi
1056 1380 1099 1441 dt.
1141 1379 1189 1440 its
1210 1378 1296 1440 Ohn'·

371 1472 436 1523 stus
459 1462 533 1523 dioit
571 1462 630 1523 sibi
655 1462 785 1542 fontum,
822 1462 905 1541 quod
931 1464 995 1523 suis
1022 1463 1155 1523 minimis
1181 1463 1296 1523 fontum

370 1547 469 1607 tuerit.
512 1544 588 1619 Quis
616 1564 728 1626 punem
749 1547 867 1607 slturis
895 1546 1118 1627 quantumlibet
1146 1545 1298 1626 pardonis

373 1630 529 1709 oooipiens
551 1647 615 1689 nou
638 1629 748 1689 dioitur
769 1649 883 1709 punem
905 1630 1085 1709 oooepisse?
1106 1628 1183 1705 Quis
1205 1630 1297 1709 purti-

374 1713 474 1774 oulsm
505 1713 570 1772 eius
599 1720 804 1789 contemnens
832 1732 895 1773 nou
924 1724 1036 1793 ponem
1073 1712 1298 1792 contempsisse

373 1796 493 1856 dieitur.
621 1836 624 1846 -

428 1918 429 1929 ι
456 1878 558 1953 Quare
580 1879 606 1937 si
628 1876 779 1955 dolemus,
802 1880 830 1937 si
853 1879 994 1958 potimur,
1010 1880 1044 1937 si
1058 1879 1216 1955 morimur,
1236 1876 1298 1937 huo

372 1962 486 2021 tumtur
507 1963 621 2021 intutus
639 1958 653 1997 ²
656 1969 683 2037 ),
707 1968 738 2020 et
759 1960 880 2021 fortiter
902 1961 1081 2038 orodsmus,
1102 1980 1140 2021 so
1160 1962 1237 2021 sem
1258 1962 1297 2021 si-

375 2064 452 2123 mus,
475 2043 558 2123 quod
579 2061 643 2103 non
667 2061 741 2120 nos,
764 2052 819 2103 sut
839 2063 903 2105 non
925 2044 1000 2122 soii,
1029 2044 1085 2105 ssd
1107 2045 1246 2105 Christum
1267 2056 1299 2103 et

374 2129 506 2188 ousiosis
528 2127 689 2187 nobiseum
717 2126 819 2204 dolet,
857 2127 985 2208 potitur,
1015 2129 1153 2189 morimur.
1207 2127 1297 2187 Aduo

374 2211 492 2271 milioot
512 2209 602 2270 nobis
627 2208 765 2270 Christus
793 2208 892 2277 noluit
920 2210 1035 2271 mortis-
1052 2211 1134 2271 vium
1157 2230 1227 2271 ssss
1249 2230 1299 2271 so·

372 2294 514 2371 litorium,
536 2311 627 2372 qusrn
650 2294 751 2354 omnis
773 2295 868 2355 homo
890 2295 1004 2372 horret,
1026 2293 1083 2353 ssd
1093 2296 1210 2356 sumite
1231 2301 1299 2354 totu
1400 2291 1401 2350 i

375 2378 508 2451 soodosio
530 2378 609 2437 vism
632 2377 785 2455 passionis
808 2387 840 2439 st
862 2378 969 2440 mortis
987 2378 1176 2457 ingredimur
1186 2386 1220 2437 et
1239 2376 1299 2437 for-

375 2464 434 2522 tius
455 2461 589 2521 suolssis
610 2458 730 2536 tolerat,
753 2478 846 2539 quum
858 2461 891 2537 ³)
916 2460 1064 2541 nosipsi,
1087 2471 1120 2521 ut
1134 2480 1206 2521 vore
1228 2479 1301 2540 pos·

376 2547 472 2605 unus
501 2541 575 2602 iilud
598 2540 712 2602 Elisusi
725 2543 761 2604 4.
779 2544 858 2625 ng.
880 2543 946 2617 6⁴)
970 2543 1060 2604 nobis
1075 2552 1193 2625 optare,
1214 2545 1299 2622 quod

378 2627 417 2689 sd
439 2644 561 2687 servum
583 2644 670 2685 suum
693 2627 833 2687 timidum
853 2627 947 2689 dixit:
970 2626 1041 2687 Noli
1054 2629 1172 2706 timess,
1194 2628 1299 2706 plures

378 2710 537 2771 nobiseum
566 2718 637 2769 suut
666 2726 756 2788 quum
780 2730 854 2771 oum
885 2711 956 2771 iilis.
1013 2711 1152 2791 Quosque
1183 2721 1305 2771 orasset

378 2792 520 2854 Elisseus
542 2793 601 2853 sit:
625 2791 768 2872 Domino,
791 2796 878 2875 operi
898 2793 1007 2855 ooulos
1026 2796 1116 2873 ⁴puori
1136 2794 1241 2873 huius,
1271 2804 1305 2853 ut

372 2876 500 2955 sidest3
527 2884 560 2956 pt
585 2877 706 2955 speruit
727 2876 878 2939 Dominus
906 2876 1014 2938 ooulos
1040 2878 1144 2956 puori,
1166 2877 1305 2938 stridit.

274 2964 277 2970 '
373 2960 419 3023 dit
439 2979 514 3023 sose
536 2978 625 3019 mons
642 2959 751 3038 pl'suus
766 2979 915 3041 equorum
929 2971 961 3021 et
982 2978 1123 3020 curruum
1143 2961 1304 3041 igneorum

288 3057 290 3061 ’
373 3045 410 3105 iu
433 3044 559 3105 oiruuitu
583 3040 707 3124 Elissoi
752 3044 819 3105 Hos
838 3046 941 3106 solum
964 3052 996 3103 et
1016 3043 1107 3105 uobis
1135 3052 1252 3121 rostst,
1274 3055 1306 3103 ut

379 3147 519 3204 oremus,
553 3144 615 3205 quo
645 3125 734 3187 nobis
762 3129 940 3208 operiantur
972 3126 1055 3187 osuli
1085 3136 1118 3187 ot
1147 3126 1305 3187 vidosmus

373 3210 544 3273 smissisu
572 3211 602 3269 in
625 3212 752 3269 oirouitu
775 3221 899 3288 nostro,
936 3211 1024 3288 fidoi,
1044 3212 1185 3289 inqusm,
1214 3217 1306 3292 osuii,

379 3301 453 3354 tuno
492 3292 567 3351 nihil
610 3300 658 3351 ost
699 3293 781 3371 quod
817 3295 1006 3370 timebimus,
1041 3294 1121 3353 siout
1157 3304 1189 3355 st
1225 3301 1306 3361 Psoi·

381 3395 447 3437 mus
472 3378 547 3439 124:
586 3375 707 3437 Montes
756 3377 786 3436 iu
817 3380 945 3439 oirouitu
969 3378 1055 3456 sius,
1097 3386 1140 3438 et
1155 3378 1306 3446 Dominus
1398 3385 1399 3390 ’

380 3462 413 3521 in
434 3458 560 3538 oiruuitu
583 3460 689 3537 populi
712 3463 768 3537 sui,
790 3481 832 3521 ex
852 3463 914 3524 hoo
936 3482 1019 3523 nuno
1040 3472 1071 3525 et
1088 3480 1186 3543 usque
1208 3471 1240 3529 iu
1263 3488 1307 3529 ss-

380 3542 492 3605 oulum.
515 3544 623 3603 Amen.

372 3757 379 3773 ''
386 3754 723 3785 -nm--u--n———n'n
775 3766 777 3771 '

456 3916 484 3978 Ι)
506 3911 537 3966 Ιιι
556 3912 598 3967 od.
619 3913 693 3967 den:
712 3876 842 3981 psdstur.
875 3913 905 3978 2)
937 3914 1006 3967 lbid.
1025 3933 1031 3967 ε
1051 3919 1176 3971 intuitus.
1196 3917 1229 3987 3)
1242 3917 1311 3973 lbid.

381 3983 484 4123 uo
501 3986 534 4109 r
549 3984 681 4113 sor
700 3985 771 4054 u·
1088 4023 1091 4037 ·
