3159 4792
332 486 353 551 8
667 505 669 510 ·
691 488 818 557 Epistola

335 674 513 755 deploratos
542 672 738 753 relinquere?
773 692 841 751 cum
870 680 901 735 et
933 674 1014 734 malo
1046 672 1129 735 nodo
1160 673 1258 733 melus

334 758 528 836 quaerendus
550 758 590 817 sit
611 776 736 828 cuneus,
759 759 878 837 etipse
900 759 992 818 etiam
1005 756 1133 837 Ulysses
1155 758 1259 817 socios

334 860 406 903 suos
434 842 547 901 invitos
585 840 756 919 flentesque
777 860 796 900 a
818 842 883 901 loto
908 840 1058 901 divellens
1086 841 1125 901 ad
1148 858 1258 901 navem

335 925 503 1003 redegerit,
537 942 596 983 nec
617 924 692 983 vitio
716 924 804 983 detur
832 924 971 1001 medico,
1009 926 1059 1003 qui
1083 943 1138 1004 pro
1161 923 1261 984 salute

337 1006 546 1088 recuperanda
582 1006 693 1066 ferrum
733 1014 786 1067 aut
825 1009 928 1088 ignem
967 1009 1062 1068 etiam
1100 1006 1260 1067 adhibeat:

335 1094 495 1172 magisque
526 1109 620 1150 exre
653 1089 713 1150 illis
735 1090 825 1164 fauerit
847 1091 1077 1170 unusquispiam
1101 1096 1260 1169 quantum-

336 1177 381 1234 vis
404 1175 515 1233 acriter
537 1172 716 1248 obluctans,
746 1192 837 1253 quam
860 1173 943 1234 mille
965 1172 1018 1235 alii
1038 1175 1068 1233 in
1092 1175 1259 1253 perniciem

338 1276 443 1317 eorum
468 1257 665 1317 mussitantes
690 1254 738 1336 ¹),
765 1258 843 1316 sicut
864 1257 973 1318 melior
996 1262 1042 1317 cst
1070 1258 1186 1317 amicus
1209 1254 1261 1315 ob-

334 1344 469 1421 iurgans,
489 1359 583 1417 quam
606 1340 748 1399 inimicus
770 1346 887 1406 ucens.
919 1340 954 1400 Id
977 1340 1058 1419 quod
1082 1358 1151 1399 sero
1173 1338 1260 1398 intel-

337 1425 436 1505 ligens
458 1421 666 1502 Evangelicus
687 1422 741 1482 ille
763 1423 928 1500 Tantalus,
951 1443 1019 1483 cum
1043 1423 1124 1502 apud
1145 1422 1261 1482 inferos

336 1507 461 1567 tandem
495 1501 610 1565 arentia
646 1506 695 1565 siti
730 1504 816 1565 labra
847 1506 1027 1586 refrigerare
1061 1525 1124 1567 non
1154 1511 1264 1584 posset

335 1592 420 1669 ipse,
442 1588 473 1648 id
496 1587 605 1649 saltem
628 1588 776 1668 rogabat,
808 1594 840 1649 ut
857 1589 1003 1650 fratribus
1027 1590 1088 1649 suis
1111 1588 1262 1668 quispiam

336 1676 523 1749 mitteretur,
545 1690 732 1751 suggerens,
766 1691 807 1731 ne
827 1674 858 1731 in
882 1691 951 1732 eum
974 1677 1196 1733 tormentorum
1219 1670 1262 1730 lo-

336 1776 404 1815 cum
435 1763 466 1815 et
492 1756 551 1834 ipsi
574 1756 721 1815 venirent.
767 1754 829 1815 Sed
858 1774 948 1834 quam
971 1755 1123 1815 infelicem
1153 1772 1264 1834 passus

335 1840 426 1899 fuerit
459 1838 629 1916 repulsam,
669 1838 771 1897 statim
811 1838 907 1914 subit,
951 1857 1019 1897 cum
1059 1837 1104 1897 illi
1139 1836 1265 1897 dicitur:

336 1921 460 1981 Habent
480 1921 589 1980 Mosen
612 1926 643 1978 et
663 1919 851 1998 Prophetas,
885 1921 955 1981 illos
978 1920 1112 1981 audiant.
1158 1919 1264 1981 Simile

336 2004 494 2083 quippiam
518 2002 656 2062 Christus
685 2002 778 2062 etiam
801 2003 868 2082 ipse
898 2003 987 2063 nobis
1009 2005 1159 2079 insinuat,
1190 2003 1263 2061 dum

336 2086 418 2165 apud
444 2085 575 2145 eundem
598 2084 710 2163 Lucam
734 2084 893 2165 discipulis
916 2087 978 2145 suis
1001 2088 1057 2146 ait:
1081 2085 1264 2163 Quicunque

338 2188 399 2230 non
421 2170 596 2247 receperint
617 2186 683 2243 vos,
707 2175 856 2229 exeuntes
878 2169 917 2229 de
940 2170 1063 2229 civitate
1085 2168 1149 2246 illa,
1172 2170 1264 2228 etiam

337 2253 495 2332 pulverem
519 2251 632 2330 pedum
646 2258 819 2311 vestrorum
843 2254 987 2331 excutite,
1009 2253 1040 2312 in
1055 2252 1264 2313 testimonium

337 2356 429 2414 super
449 2333 531 2396 illos.
575 2332 693 2409 Quibus
715 2333 793 2393 locis
816 2336 890 2395 satis
911 2336 1064 2411 innuitur,
1086 2341 1149 2395 tum
1173 2352 1264 2411 quam

338 2418 513 2497 periculosa
534 2436 582 2476 res
605 2418 644 2475 sit
672 2416 816 2477 obturare
832 2416 864 2497 ²)
894 2437 1002 2495 aures,
1038 2426 1069 2477 et
1090 2417 1264 2497 pulsantem

338 2501 418 2561 altro
442 2500 595 2560 Christum
619 2499 715 2559 semel
739 2499 920 2578 excludere,
943 2507 1005 2561 tum
1029 2500 1112 2580 quod
1135 2500 1265 2560 Bohemi

340 2603 403 2645 non
438 2590 570 2662 possunt
602 2583 750 2661 conqueri
783 2582 918 2643 defuisse
950 2585 994 2645 eis
1022 2590 1169 2657 nostros,
1209 2582 1264 2642 sed

339 2668 435 2726 nostri
465 2665 705 2748 contradiceres
726 2665 899 2726 Oecinimus
924 2668 1027 2744 vobis,
1062 2675 1094 2729 et
1121 2685 1184 2727 non
1207 2664 1264 2725 sal·

339 2752 436 2810 tastis.

420 2832 502 2891 Eant
522 2832 614 2911 igitur
636 2849 717 2889 nunc
738 2832 788 2891 isti
811 2831 980 2911 gloriantes
1002 2834 1033 2892 in
1061 2832 1177 2892 malitia
1199 2828 1265 2907 sua,
1348 2886 1353 2893 .

339 2914 495 2994 vulgoque
523 2912 638 2974 sutelas
671 2913 887 2992 obstrepentes
910 2921 941 2974 et
969 2916 1147 2992 mendacia,
1182 2913 1265 2991 quod

339 2997 505 3077 disputatio
538 2997 617 3058 haec
643 2996 765 3076 Lipsiae
799 2996 936 3058 exhibita
973 2998 1124 3059 erroribus
1159 3014 1266 3056 eorum

339 3081 567 3162 subscripserit,
590 3099 650 3158 quo
673 3080 749 3138 nihil
771 3082 870 3140 minus
888 3080 941 3140 hic
963 3088 1010 3139 est
1032 3087 1150 3154 actum,
1179 3078 1265 3137 nihil·

340 3184 399 3243 que
422 3172 484 3224 tam
510 3164 549 3223 ab
572 3164 838 3241 utriusquepartis
860 3163 955 3223 abfuit
977 3162 1153 3223 sententia·
1172 3161 1265 3221 Cuius

343 3248 387 3305 rei
410 3265 478 3305 cum
500 3246 569 3323 ipsa
590 3264 609 3303 a
635 3245 774 3323 gemino,
808 3251 841 3304 ut
862 3245 960 3322 aiunt,
990 3264 1051 3305 ovo
1090 3244 1130 3304 ad
1153 3262 1265 3322 equum

343 3346 442 3406 usque
463 3327 629 3387 Troianum
653 3332 810 3405 spectator
831 3328 1012 3405 anditorque
1034 3328 1157 3400 fuerim,
1185 3326 1266 3386 haud
1319 3360 1321 3364 ·

345 3411 479 3471 alienum
508 3408 581 3468 duxi
604 3429 624 3469 a
645 3409 757 3469 Christi
780 3411 948 3470 'sacerdote
969 3411 1178 3471 testimonium
1202 3428 1268 3489 per·

341 3494 446 3553 hibere
468 3492 607 3567 veritati,
629 3491 753 3574 quando
776 3500 809 3552 et
831 3494 952 3573 profani
974 3513 1011 3553 ea
1033 3493 1072 3554 de
1094 3512 1127 3553 re
1149 3492 1266 3571 scripti·
1293 3535 1298 3541 .

341 3586 426 3652 tant,
461 3581 492 3634 et
520 3575 657 3634 forensia
684 3574 797 3635 iudicia
825 3594 887 3637 uon
908 3588 978 3637 raro
1003 3576 1128 3636 calculis
1151 3594 1188 3635 ac
1208 3574 1268 3634 for·

340 3666 415 3719 tuna
437 3658 534 3739 magis
546 3676 638 3736 quam
662 3665 745 3718 certa
767 3660 890 3720 ratione
912 3658 1130 3740 gubernantur.
1163 3656 1266 3736 Adde,

343 3832 472 3839 -ο--σ-

415 3911 649 3988 limodiam:
690 3933 850 3994 mussitans.
908 3929 940 3999 2)
962 3928 1044 3999 Apud
1064 3929 1192 3983 Locren:
1220 3927 1267 3981 ob·

343 4002 454 4055 durare.

1184 4112 1215 4209 Ι
