3159 4792
352 504 417 574 220
493 539 496 543 >
663 509 808 563 mistus
826 507 939 562 Luthcri

351 703 409 759 tas.
452 697 521 774 Quo
544 705 645 759 autem
668 698 838 759 faciliorem
860 698 941 757 viam
969 696 1095 757 rudibus
1122 700 1213 770 [nam
1234 697 1271 757 iis

350 782 427 844 solis
447 782 568 863 servio)
591 782 737 862 aperiam,
760 781 822 842 duo
844 781 923 842 haec
943 779 1078 841 themata
1099 781 1272 860 praemitto,

353 865 392 925 de
412 864 554 925 libertate
576 873 608 926 et
628 866 774 925 servitute
796 861 955 944 spiritus‘
979 909 980 912 ,

434 947 624 1008 Christianus
659 949 754 1009 homo
783 950 919 1009 omnium
941 947 1091 1008 Dominus
1114 951 1162 1006 est
1181 946 1272 1007 liber·

434 1033 545 1110 ninus,
576 1032 652 1091 uuili
676 1031 846 1108 subiectus,
881 1031 1069 1092 Christianus
1091 1029 1185 1090 homo
1209 1049 1273 1090 om·

434 1116 518 1174 nium
541 1134 647 1176 servus
677 1122 724 1176 est
744 1113 1004 1192 officiosissimus,
1038 1111 1179 1175 omuibus
1202 1113 1273 1175 sub'·

431 1198 540 1260 iectus.
1203 1207 1207 1214 ¹

432 1281 519 1361 Haec
540 1299 723 1360 quamquam
736 1301 875 1362 pugnare
891 1279 1061 1356 videantur,
1083 1285 1198 1357 tamen,
1221 1279 1272 1341 ubi

351 1366 517 1425 convenire
539 1366 665 1425 inventa
685 1365 811 1436 fuerint,
845 1364 972 1443 pulchre
993 1364 1108 1423 facient
1128 1362 1166 1422 ad
1189 1364 1273 1422 iusti-

350 1454 447 1507 tutum
470 1454 617 1508 nostrum.
660 1447 738 1509 Sunt
759 1450 838 1507 enim
862 1448 956 1526 ipsius
971 1447 1057 1506 Pauli
1080 1451 1207 1525 utraque
1230 1445 1272 1504 di-

352 1532 450 1590 centis
474 1536 501 1592 1.
520 1531 656 1591 Corinth.
680 1533 708 1594 9:
732 1531 808 1592 Cum
831 1529 908 1591 liber
931 1549 1041 1608 essem,
1065 1529 1199 1588 omnium
1223 1549 1274 1588 me

351 1633 471 1674 servum
493 1615 569 1692 feci,
596 1615 685 1677 Rom.
710 1616 763 1678 13:
793 1614 915 1674 Nemini
937 1612 1101 1691 quidquam
1124 1610 1273 1691 debeatis,

350 1698 408 1757 nisi
447 1703 480 1756 ut
499 1699 631 1758 invicem
665 1697 809 1778 diligatis.
852 1697 947 1756 Amor
974 1713 1048 1756 vero
1081 1701 1189 1755 natura
1216 1715 1275 1754 sua

351 1778 508 1840 officiosus
536 1784 582 1841 est
605 1787 637 1841 et
662 1780 836 1859 obsequens
866 1780 913 1855 ei,
937 1778 1018 1857 quod
1051 1784 1178 1843 amatur.
1222 1777 1275 1838 Sic

350 1867 382 1921 et
413 1863 565 1939 Christus,
594 1882 777 1942 quamquam
809 1864 943 1922 omnium
973 1861 1138 1930 Dominus,
1172 1861 1273 1920 factus

350 1951 453 2005 tamen
476 1965 515 2004 ex
539 1945 679 2020 muliere,
707 1946 805 2005 factus
829 1952 876 2004 est
898 1945 952 2004 sub
975 1945 1060 2024 lege,
1084 1943 1172 2003 simul
1194 1943 1275 2004 liber

350 2033 382 2088 et
403 2047 518 2106 servus,
541 2029 631 2088 simul
652 2029 682 2088 in
706 2028 805 2088 forma
828 2029 883 2088 Dei
908 2034 939 2088 et
958 2030 989 2088 in
1011 2029 1110 2088 forms
1130 2028 1220 2087 servi,

433 2111 552 2172 Altiore
567 2117 598 2170 et
613 2113 764 2171 crassiore
784 2118 924 2192 petamus
946 2112 1006 2171 ista
1027 2111 1186 2191 principio.
1211 2110 1275 2171 Ho-

350 2212 401 2253 mo
425 2195 506 2254 enim
529 2194 641 2275 duplici
664 2201 787 2255 constet
807 2201 926 2271 uatum,
949 2194 1097 2274 spirituali
1121 2199 1275 2273 etcorpo-

350 2277 416 2336 rali.
460 2277 554 2337 Juxta
575 2277 778 2356 spiritualem,
807 2297 898 2356 quam
922 2277 1026 2338 dicunt
1048 2277 1196 2354 animam,
1220 2295 1275 2336 vo-

350 2366 436 2419 catur
458 2361 639 2440 spiritualis,
669 2361 811 2438 interior,
837 2380 935 2420 novus
958 2361 1066 2438 homo,
1099 2360 1186 2419 iuxta
1208 2378 1275 2420 cor»

349 2442 504 2522 poralem,
539 2462 629 2521 quam
662 2463 784 2503 earnem
815 2443 938 2520 dicunt,
972 2449 1101 2502 vocatur
1130 2443 1276 2520 carnalis,

350 2527 494 2601 exterior,
516 2525 716 2586 vetushomo.
739 2526 856 2606 Deque
871 2526 1030 2606 apostolus
1053 2528 1081 2587 2.
1092 2525 1230 2587 Corinth.
1244 2529 1275 2588 4:

348 2607 434 2666 Licet
457 2609 498 2685 is,
532 2609 582 2686 qui
605 2609 678 2669 foris
701 2615 765 2684 e'st,
802 2616 906 2670 noster
927 2608 1026 2679 ,homo
1052 2615 1276 2687 corrumpatur,

348 2695 452 2748 tamen
473 2690 515 2767 is,
545 2692 596 2768 qui
623 2692 704 2751 intus
726 2698 788 2766 est,
811 2697 976 2752 renovatur
997 2691 1035 2752 de
1057 2692 1107 2751 die
1129 2693 1158 2750 iu
1182 2691 1277 2752 diem.

257 2829 264 2840 ,
348 2771 434 2831 Haec
468 2773 629 2833 diversitas
662 2776 749 2851 facit,
787 2782 821 2835 ut
851 2777 881 2834 in
901 2774 1073 2853 'Scripturis
1103 2776 1278 2854 pugnantia

349 2854 388 2914 dc
409 2854 520 2915 eodem
543 2857 667 2917 homine
690 2856 845 2936 dicantur,
870 2877 938 2916 cum
961 2864 991 2917 et
1011 2859 1069 2937 ipsi
1092 2857 1153 2918 duo
1175 2857 1277 2918 homi-

349 2956 404 2998 ues
426 2940 458 2998 iu
480 2938 590 3000 eodem
613 2941 739 3001 homine
761 2940 818 3001 sibi
842 2947 988 3022 pugnent,
1011 2940 1082 3000 dum
1106 2957 1178 3000 carc
1201 2959 1280 3004 oon.

350 3023 481 3101 cupiscit
501 3022 648 3082 adversus
673 3025 821 3104 spiritum,
843 3032 875 3084 et
896 3025 1017 3108 spiritus
1040 3022 1186 3083 adversus
1210 3042 1278 3084 car-

349 3124 429 3167 nem.
452 3105 552 3167 Galat.
575 3110 604 3169 5.

433 3187 565 3247 Primum
589 3195 690 3248 autem
713 3190 889 3250 interiorem
919 3189 1074 3248 hominem
1099 3189 1274 3269 apprehen-

349 3269 457 3346 dimus,
480 3271 581 3348 visuri,
603 3290 736 3349 quanam
758 3274 878 3332 ratione
898 3272 1005 3350 iustus,
1028 3271 1114 3349 iiber,
1137 3291 1276 3351 vereque

348 3351 547 3425 Christianus,
560 3353 621 3412 hoc
634 3360 689 3431 est,
712 3355 886 3434 spiritualis,
901 3375 1009 3431 novus,
1031 3356 1159 3415 interior
1177 3355 1276 3417 homo

348 3434 411 3494 fiat.
454 3435 494 3496 Et
528 3443 666 3514 constat,
706 3437 821 3496 nullam
856 3457 980 3516 prorsus
1025 3457 1124 3498 rerum
1171 3444 1276 3498 exter-

348 3537 472 3595 narum,
495 3537 680 3597 quocunque
702 3525 885 3579 censeantur
907 3522 1047 3597 nomine,
1083 3520 1199 3598 aliquid
1221 3522 1277 3582 ha-

349 3600 421 3661 bers
443 3603 590 3661 momenti
618 3602 656 3661 sd
684 3604 829 3662 iustitiam
859 3610 911 3663 aut
932 3603 1103 3663 libertatem
1128 3603 1277 3664 Christia-

347 3702 429 3760 nam,
453 3688 532 3744 sicut
553 3704 611 3744 uec
632 3685 671 3745 od
686 3687 875 3760 iniustitiam,
898 3688 1139 3746 sutservitutem
1163 3707 1276 3766 paran-

349 3765 428 3829 dam.
472 3766 563 3842 Quod
583 3769 761 3828 inductione
784 3769 864 3828 facili
879 3769 908 3844 ¹)
934 3768 1144 3850 persuadetur.

432 3848 511 3925 Quid
541 3853 622 3910 euim
655 3852 804 3932 prodesse
826 3857 918 3932 queat
940 3855 1076 3930 animae,
1112 3855 1138 3912 si
1159 3871 1274 3934 corpus

420 4022 453 4087 1)
474 4022 505 4074 ln
524 4023 566 4077 ed.
584 4021 663 4078 den:
683 4023 773 4078 facile.
