3159 4792
375 506 417 575 68
583 508 715 566 Oenotria.
733 508 841 583 ludoct.
862 510 1083 565 hatheranorum

376 700 486 781 gellis,
516 698 686 761 audiemus.
727 698 1018 781 Interpretatiouem
1039 704 1140 759 autern
1163 714 1294 777 evange·

379 786 457 843 licae
474 784 653 863 scripturae,
675 785 869 863 quantumvis
884 782 1000 843 indocti
1021 784 1125 859 simus,
1146 798 1170 841 a.
1186 780 1294 861 priscis

377 867 438 927 illis
459 866 631 945 autoribus,
659 868 712 946 qui
733 885 797 927 non
819 873 905 927 tanto
924 866 1087 927 intervallo
1105 862 1148 925 :ab
1170 870 1294 944 aposto-

378 951 476 1011 lorum
490 949 651 1011 abfuerunt
662 950 861 1029 temporibus,
885 949 1004 1010 discere
1020 948 1180 1025 malumus,
1204 965 1294 1025 quarn

379 1054 398 1094 a
425 1037 456 1095 te
490 1034 647 1093 farinaeve
680 1040 751 1093 tuae
778 1033 1047 1114 praeceptoribus,
1077 1038 1109 1092 et
1135 1030 1324 1091 annalibus,

379 1117 573 1195 historiisque
594 1116 739 1176 libentius
761 1133 819 1176 nos
842 1115 1009 1195 credimus,
1041 1134 1132 1195 quam
1154 1114 1296 1175 humanis

379 1208 411 1260 et
430 1200 597 1279 tyrannicis
619 1198 800 1278 quibusdam
822 1198 1100 1260 constitutionibus.

460 1282 572 1361 Papias
599 1282 865 1362 Hierapolitanos,
894 1282 1016 1343 auditor
1036 1280 1197 1358 Iohannis,
1218 1278 1297 1339 tinei-

378 1366 539 1445 pienterne
560 1372 592 1425 et
607 1365 733 1425 indocte
755 1366 810 1425 tibi
831 1367 986 1447 praefatus
1008 1364 1128 1425 videtur
1147 1364 1179 1422 in
1202 1362 1297 1423 libros

379 1448 606 1528 explanationis
634 1466 810 1509 sermonum
832 1450 966 1527 Domini,
988 1448 1072 1529 quod
1093 1446 1226 1508 noluerit
1248 1463 1298 1504 va
1414 1470 1415 1507 t

379 1534 439 1592 rias
452 1532 616 1612 opiniones
628 1534 750 1610 sectari,
771 1531 827 1592 sed
845 1534 1006 1613 apostolos
1028 1531 1143 1592 babere
1164 1535 1299 1605 autores,

381 1617 423 1695 uti
445 1615 484 1675 de
507 1634 545 1675 eo
562 1614 713 1677 Eusebius
731 1622 767 1675 ct
781 1615 989 1695 Hieronymus
1011 1613 1155 1675 narrant?
1184 1612 1299 1673 Verum

381 1700 452 1759 viva
477 1698 524 1759 illi
551 1699 678 1759 oracula
704 1700 909 1779 contigerunt.
952 1699 1016 1760 Nos
1044 1698 1147 1758 adacti
1167 1696 1299 1756 necessi·

381 1791 444 1843 tate
458 1782 599 1842 litorariis
611 1782 835 1862 apostolorum,
857 1790 889 1843 et
911 1781 1020 1861 quibus
1042 1780 1231 1861 apostolicus
1254 1784 1302 1840 est

380 1866 514 1945 spiritus,
536 1867 745 1925 monumentis
767 1866 905 1945 contenti
927 1884 1042 1929 sumus.
1168 1878 1169 1883 ’

462 1948 527 2007 Iam
560 1950 634 2009 satis
668 1947 830 2027 liquidum,
865 1956 938 2009 tune
966 1968 1006 2008 an
1032 1947 1182 2009 Lutherus
1209 1964 1301 2005 evan-

381 2030 464 2111 gelio
499 2034 625 2116 propius
655 2030 795 2110 incedat,
836 2039 903 2092 uter
932 2030 1155 2112 receptionibus
1189 2030 1302 2101 nitatur

381 2112 555 2191 autoribus,
587 2121 655 2174 uter
681 2112 802 2174 fidelius
831 2114 1039 2195 eruditiusque
1068 2115 1190 2176 Petrum
1218 2110 1301 2171 dicta

382 2200 471 2275 citet,
509 2204 577 2257 uter
596 2198 818 2268 =honestiorem
851 2217 979 2279 scopum
1011 2204 1139 2279 spectet.
1186 2196 1310 2267 Fontes

381 2283 588 2360 aquaevivae
610 2283 794 2360 quaerimus,
818 2289 850 2342 tu
872 2301 930 2343 nos
951 2282 990 2343 ad
1011 2282 1097 2342 lacus
1120 2280 1249 2353 detritos
1271 2264 1305 2339 et
1414 2274 1415 2285 *

382 2383 489 2425 amnes
517 2364 654 2425 turbidos
685 2364 801 2425 duces?
845 2365 997 2429 Christum
1026 2365 1216 2445 quaerimus,
1250 2361 1302 2426 ubi

382 2457 542 2526 nmcatur,
567 2447 755 2509 ostendatur.
798 2449 893 2529 Igitur
916 2448 967 2512 vel
988 2468 1045 2510 nos
1068 2448 1184 2521 itineris
1206 2445 1302 2521 duces

384 2540 415 2591 tu
437 2549 582 2610 sequere,
604 2531 655 2590 vel
676 2538 707 2591 te
728 2539 896 2611 praeeunte
918 2551 1090 2611 sequemur.
1135 2528 1247 2591 Verum
1270 2536 1303 2589 tu
1414 2562 1415 2565 =

382 2614 507 2675 Herode
528 2612 643 2674 vafrior
665 2621 696 2675 et
716 2634 774 2676 nos
796 2619 975 2695 morareris,
1004 2613 1030 2675 si
1053 2615 1303 2693 obsequeremur,

384 2716 465 2757 nunc
486 2696 718 2773 Vuiclrlefistas,
743 2718 825 2759 nunc
846 2697 1304 2779 Manichaeos'cognominans,

384 2791 414 2841 et
441 2771 521 2841 inter
550 2780 637 2841 idola
667 2782 890 2860 sophismatum
923 2781 1092 2842 ‘considens
1123 2780 1302 2841 comitatum

384 2883 447 2925 non
484 2864 649 2945 polliceris.
693 2864 761 2939 Quo
796 2874 827 2927 te
860 2868 940 2947 rapit
970 2866 1080 2925 insana
1096 2858 1305 2940 «mordacitas,

383 2948 644 3028 immodicumque
661 2952 833 3012 sententiae
848 2958 926 3011 *tuae
949 2947 1101 3011 studium?
1124 2946 1199 3023 Quis
1221 2964 1304 3007 arro·

269 3062 274 3078 x
384 3033 531 3115 gantiam,
553 3034 620 3111 quis
643 3036 838 3113 supercilium
863 3040 946 3095 tuum
968 3031 1079 3094 ferat?¹
1109 3030 1167 3107 Qui
1188 3037 1241 3090 tua
1264 3030 1305 3089 le·

384 3124 461 3198 gunt
482 3123 513 3176 et
534 3117 769 3197 amplectuntur,
791 3118 875 3178 docti
897 3124 982 3177 sunt:
1011 3116 1062 3197 qui
1084 3114 1197 3176 aemuli
1217 3114 1306 3191 scita,

384 3203 507 3260 tametsi
528 3201 718 3279 viciniora1)
744 3202 906 3281 evangelio
931 3206 963 3261 et
988 3198 1204 3261 ecclesiasticis
1231 3195 1308 3257 doc·

386 3284 518 3362 toribus,
546 3282 663 3343 indocti
690 3294 722 3347 et
748 3286 906 3348 haeretici.
949 3284 996 3345 Ne
1016 3284 1134 3344 indocti
1157 3280 1305 3356 dicamur,

386 3368 690 3449 tuanobislegenda,
714 3370 840 3449 scilicet,
864 3391 903 3432 ue
917 3371 1002 3432 caeci
1024 3364 1201 3447 habeamur,
1224 3364 1307 3427 oculi

384 3462 456 3516 sunt
476 3454 652 3516 effodiendi.
1082 3470 1084 3473 ·
1189 3490 1192 3497 ι

468 3538 571 3599 Habes
586 3539 775 3615 succinctim,
797 3558 859 3618 qua
874 3540 995 3599 ratione
1017 3536 1181 3598 butherani
1202 3535 1309 3611 simus,

387 3631 536 3704 quatenus
564 3623 719 3703 evangelii
740 3630 772 3683 et
793 3620 985 3684 Christian-ae
1012 3620 1161 3682 libertatis
1189 3619 1308 3680 amicus

387 3716 435 3769 est
461 3706 626 3782 Lutherus,
655 3707 713 3767 sibi
740 3724 799 3766 nos
827 3707 950 3769 devicit.
994 3708 1023 3766 ls
1044 3708 1070 3765 si
1092 3711 1123 3765 et
1145 3712 1176 3764 tu
1203 3702 1309 3779 fueris,

388 3791 463 3851 nihil
484 3792 550 3868 erit,
570 3792 735 3869 quominus
758 3798 790 3852 et
811 3791 865 3852 tibi
890 3794 984 3852 simus
1006 3790 1131 3851 addicti.

471 3874 603 3934 Proinde
623 3894 687 3935 non
710 3874 876 3955 oportebat
896 3894 954 3935 nos
976 3874 1123 3934 conviciis
1148 3892 1167 3932 a
1189 3876 1242 3931 tua
1263 3871 1311 3930 in-

422 4073 426 4080 ‘
459 4064 491 4129 1)
512 4061 542 4115 Iu
562 4064 611 4115 ed:
626 4065 700 4117 len:
720 4067 853 4133 quivero
873 4061 986 4132 puriora
1005 4068 1032 4116 et
1052 4065 1194 4121 viciniora.
1289 4065 1295 4077 ’
