3159 4792
371 478 433 545 178
641 477 845 534 condemnatio
864 477 1027 533 doctrinalia

369 667 477 729 felices
499 666 536 728 ll.
559 663 742 749 dignitates,
780 670 814 728 et
833 684 883 725 me
905 665 1041 727 Domino
1067 665 1212 747 precibus
1233 666 1295 726 suis

369 750 586 893 commenxtpare
607 749 712 813 velint.
734 748 784 809 Ex
799 749 957 829 Papiol.*]
980 751 1010 813 4.
1031 748 1179 812 Decemb.
1202 748 1295 811 Anno

450 916 609 979 Universis
630 920 662 976 et
683 913 812 995 singulis
832 914 889 975 has
911 920 1033 975 nostras
1057 914 1163 976 literas
1186 915 1297 974 visuris

371 1009 402 1063 et
423 999 570 1061 audituris
593 999 738 1059 Decanus
762 1004 794 1059 et
814 997 957 1058 Facultas
979 1015 1087 1059 sacrae
1103 997 1297 1078 'theologiae

370 1084 554 1145 universalis
575 1081 670 1143 studii
692 1080 895 1142 Lovaniensis
917 1099 986 1141 cum
1001 1083 1122 1144 sincera
1138 1100 1297 1143 commen-

371 1166 497 1228 datione
519 1165 659 1226 salutem.
1331 1211 1335 1220 ,

456 1248 602 1325 Quamvis
625 1264 733 1309 omnes
763 1247 889 1307 omnino
913 1246 1078 1307 Christiani
1106 1248 1146 1308 ad
1172 1246 1248 1308 fidei
1269 1255 1300 1309 et

258 1336 261 1341 ’
372 1351 480 1395 sacrae
502 1332 660 1393 dochinae
687 1330 900 1391 defensionem
923 1329 1062 1411 Christo,
1098 1332 1147 1392 cui
1183 1352 1299 1393 nomen
1395 1393 1396 1398 ,

373 1416 533 1493 dederunt,
557 1420 589 1475 et
609 1415 694 1474 cuius
708 1418 903 1473 sacramento
926 1413 1067 1494 ligantur,
1090 1416 1151 1475 sint
1171 1416 1301 1495 astricti,
1395 1461 1396 1472 ,

374 1500 412 1561 ad
435 1498 465 1559 id
487 1506 591 1559 tamen
614 1496 815 1577 obligatiores
837 1513 907 1557 esse
930 1503 1067 1576 constat,
1090 1516 1170 1577 qnos
1192 1518 1301 1559 saonae

374 1582 551 1663 theologiae
573 1580 725 1661 professio
746 1578 911 1661 specialius
938 1580 1075 1661 stringit,
1110 1582 1186 1642 istos
1217 1584 1300 1643 enirn
1360 1609 1366 1624 τ

379 1672 503 1747 oportet
525 1682 596 1725 ease
617 1668 762 1744 potentes
784 1664 816 1722 in
839 1681 935 1744 opere
958 1669 990 1722 et
1010 1681 1167 1745 sermone,
1190 1672 1226 1724 ut
1247 1685 1304 1745 per
1395 1727 1396 1756 ,

376 1766 494 1809 sacram
516 1747 688 1808 doctrinam
709 1746 958 1807 contradicentes
969 1746 1166 1829 redarguant,
1190 1753 1223 1809 et
1244 1768 1301 1829 pro
1395 1783 1396 1830 ,

374 1834 469 1895 domo
490 1830 585 1892 lsrael
608 1848 643 1891 se
662 1848 781 1889 murum
805 1835 976 1910 opponant.
1163 1878 1170 1903 ,
1395 1895 1396 1918 ,

457 1914 538 1975 Hinc
558 1918 617 1992 cst,
637 1912 719 1993 qnod
741 1932 800 1973 nos
822 1912 894 1972 huic
912 1909 1017 1974 debito
1038 1931 1095 1993 pro
1117 1913 1232 1975 viribus
1256 1932 1301 1974 sa
1395 1921 1396 1934 ¹

375 2001 516 2063 deucere
531 1996 701 2075 cupientes.
727 2012 812 2055 anno
832 1997 992 2075 superiore
1012 1996 1121 2057 librum
1144 1996 1301 2076 quendam

377 2084 410 2147 F.
432 2080 554 2141 Martini
575 2077 698 2157 Luther,
721 2078 866 2140 Doctoris
891 2082 942 2152 (ut
963 2079 1090 2151 dicitur)
1115 2080 1304 2141 Universita·
1395 2141 1396 2150 ,

377 2168 415 2228 tis
455 2161 746 2241 Vuitenbergensis,
804 2161 856 2240 qui
902 2162 1001 2240 prima
1045 2162 1169 2241 faciel)
1211 2164 1303 2225 nobis

276 2252 281 2260 ’
376 2250 461 2311 visus
494 2246 551 2305 fuit
571 2243 773 2305 scandalosus
804 2250 836 2304 et
857 2244 969 2305 Christi
1000 2246 1152 2307 ecclesiae
1178 2248 1304 2321 noxius,

377 2330 562 2406 curavimus,
585 2328 771 2407 quantumin
794 2324 884 2388 nob'is
906 2327 971 2406 luit,
993 2348 1034 2389 ne
1054 2331 1085 2390 in
1108 2336 1215 2390 nostra
1230 2328 1303 2391 Uni-

380 2416 526 2477 versitate
547 2410 670 2491 publice
683 2407 875 2486 venderetur.
900 2408 1013 2471 Verum
1026 2430 1094 2473 cum
1113 2414 1305 2493 experientia

380 2497 637 2581 comperissemus
661 2492 743 2553 istud
765 2491 865 2552 adhuc
887 2494 963 2554 satis
985 2513 1049 2555 non
1073 2516 1158 2575 esse,
1191 2496 1249 2557 sed
1267 2496 1304 2556 ti-

378 2582 465 2643 brum
493 2584 525 2639 et
553 2582 691 2637 autorem
724 2575 789 2635 eius
823 2576 935 2636 multos
967 2576 1083 2639 habere
1115 2580 1253 2640 lautores
1275 2586 1307 2640 et

380 2664 575 2739 defensores,
615 2663 787 2719 asserentes
810 2658 900 2720 huius
928 2658 1002 2721 libri·
1031 2662 1203 2724 doctrinam
1232 2682 1306 2723 vere

380 2767 450 2810 essa
471 2743 687 2821 Christianam,
711 2760 840 2821 quorum
863 2761 954 2804 suasu
977 2750 1008 2805 et
1030 2748 1196 2807 autoritate
1218 2747 1308 2807 multi

381 2852 422 2893 ex
443 2825 680 2909 simplicioribus
702 2826 803 2904 ipsum
823 2824 932 2887 librum
956 2828 1095 2907 cupidius
1117 2830 1308 2910 amplectun-

380 2922 447 2997 tur,
478 2918 510 2973 et
531 2928 550 2971 a
572 2908 758 2988 sinceritate,
781 2926 862 2987 quae
883 2910 914 2969 iu
938 2909 1059 2974 Christo
1082 2919 1145 2992 est,
1165 2921 1307 2975 avertun-

380 3006 438 3079 tur,
459 2997 561 3057 visum
583 2998 631 3053 cst
652 2992 743 3053 nobis
765 2993 976 3055 necessarium
999 3001 1136 3057 nostram
1158 2996 1309 3059 adhibere
1395 2991 1396 3068 J

381 3092 553 3143 censuram.

463 3164 570 3241 ltaque
592 3156 798 3240 supradictum
821 3157 930 3220 librum
954 3162 1213 3242 complectentem
1227 3163 1308 3225 Gon-

381 3248 536 3310 clusiones
547 3242 718 3321 nonaginta
733 3242 869 3321 quinque
880 3260 948 3303 cum
971 3245 1034 3305 suis
1048 3246 1309 3308 declarationibus
1395 3265 1396 3268 ¹

381 3338 413 3393 et
441 3326 598 3409 responsis
631 3323 671 3383 ad
694 3323 875 3405 silvestrum
904 3326 943 3386 de
963 3328 1095 3408 Prierio,
1126 3330 1308 3411 Magistrum
1395 3323 1396 3354 ³

382 3415 461 3497 sacri
483 3409 603 3485 Palatii,
624 3410 695 3467 item
720 3424 895 3468 sermonem
919 3409 958 3470 de
979 3414 1179 3493 poenitentia,
1192 3431 1310 3473 sermo-
1395 3429 1396 3442 ¹

381 3518 451 3559 nem
475 3496 514 3558 de
534 3491 867 3574 excommunicatione,
889 3511 1062 3555 sermonem
1086 3496 1125 3559 de
1145 3496 1311 3577 indulgen-

381 3584 446 3660 tiis,
482 3592 655 3639 sermonem
685 3572 723 3633 de
747 3578 985 3654 praeparatione
1007 3578 1046 3639 ad
1076 3581 1311 3658 eucharistiam,

380 3666 454 3725 item
476 3660 620 3723 Andreae
636 3655 850 3719 archidiaconi
876 3662 1107 3739 propositiones
1135 3663 1310 3745 apologeti-

381 3764 434 3809 cas
456 3755 487 3808 et
507 3740 754 3825 praeceptorium
766 3738 812 3819 ²).

381 3856 800 3949 W
826 3866 1049 3945 attrectari.
1076 3868 1177 3919 desunt
1206 3865 1308 3921 verbe:

380 3946 446 3999 llam
467 3947 595 4001 Andreae
615 3976 648 3983 -
666 3946 897 4017 praeceptorium.

455 4020 480 4085 ⁸)
498 4017 611 4073 Loesch.
632 4020 691 4072 Rei.
711 4018 771 4075 Act.
791 4018 838 4073 lIl.
856 4030 884 4082 p.
902 4012 970 4069 ato:
990 4010 1033 4063 Ex
1047 4009 1147 4078 Papia.
