3159 4792
392 533 458 599 (148
666 534 824 605 Responsio
842 534 878 591 D.
897 536 931 589 it.
952 534 1063 589 Lntheri

397 722 518 784 annos?
554 720 758 781 Confiterisne
788 740 846 781 nos
868 721 962 783 briaae
985 720 1167 799 obedientes
1190 740 1210 780 a
1232 726 1320 781 tanto

397 815 538 886 tempore
565 803 702 883 adusque
737 804 818 863 istud
840 804 1004 865 concilium
1026 804 1135 864 tuum?
1167 802 1250 876 Quid
1272 804 1320 863 hio

398 888 526 949 dicent?
559 889 639 965 scio,
673 905 734 947 nou
768 887 921 948 tacebunt.
966 887 1080 953 Verum
1105 906 1165 966 ego
1188 887 1320 947 arbitror

398 971 572 1053 oportuisse
594 979 721 1049 propter
742 970 935 1031 adversarios
958 971 990 1029 in
1013 971 1072 1031 hac
1085 969 1235 1031 schedula
1248 989 1320 1031 non

397 1063 460 1115 tam
482 1053 609 1114 ridicule
641 1054 748 1134 nugari
776 1055 806 1113 in
831 1054 931 1115 verbis
954 1053 1140 1133 Scripturae.
1183 1053 1216 1114 Si
1239 1054 1321 1116 enim

396 1136 563 1217 aliquando
586 1136 715 1201 Bohemi
749 1137 829 1198 hanc
850 1136 1036 1215 scripturam
1069 1138 1177 1197 fortius
1207 1144 1319 1197 contra

398 1239 455 1281 nos
479 1216 641 1299 torqueant
663 1218 844 1299 profitentes
865 1240 899 1279 se
922 1219 1068 1297 obedire,
1097 1228 1128 1279 et
1150 1226 1318 1299 arguentes

398 1322 455 1363 nos
477 1322 539 1362 non
562 1302 687 1365 obedire
710 1302 894 1383 evangelio,
914 1305 945 1363 in
967 1321 1028 1381 quo
1052 1310 1181 1381 utraque
1196 1303 1320 1382 species

398 1406 417 1445 a
439 1386 560 1447 Christo
583 1387 757 1463 instituitur,
781 1394 812 1447 et
834 1386 1045 1446 ecclesiastico
1068 1406 1124 1445 usu
1147 1384 1322 1446 diutissime

397 1468 575 1545 roboratur,
609 1468 774 1547 dicantque
809 1468 966 1529 meliorem
1004 1487 1074 1532 esse
1111 1467 1322 1529 obedientiam

398 1572 488 1631 quam
511 1552 685 1629 victimam,
716 1559 747 1611 et
776 1551 983 1614 obedientiam
1005 1552 1062 1611 Dei
1085 1550 1320 1631 praeferendam

399 1634 595 1696 obedientiae
621 1635 789 1695 hominum.
834 1633 913 1708 Quid
952 1653 1006 1713 pro
1030 1634 1119 1695 nobis
1147 1633 1321 1714 desponde·

400 1716 514 1795 bunt1)
540 1719 662 1797 patron-i
685 1719 796 1795 nostri,
829 1717 1027 1781 schismatum
1050 1718 1182 1780 victores
1205 1716 1320 1796 glorio

399 1800 529 1860 sissimi?
565 1800 645 1860 forte
679 1800 849 1879 poenitebit
884 1820 956 1877 eos,
997 1799 1181 1879 produxisse
1215 1800 1320 1859 locum

399 1884 588 1962 Scripturae,
618 1889 649 1942 et
669 1882 852 1943 adversariis
879 1882 1014 1962 gladium
1036 1884 1228 1961 porrexisse,
1264 1883 1320 1944 nisi

401 1965 495 2027 velint
515 1964 630 2043 iubere,
653 1971 685 2023 ut
697 1967 813 2025 inerme
833 1974 926 2046 caput
940 1964 1118 2026 obiiciamus
1135 1964 1241 2046 gladio
1266 1966 1321 2023 ini-

400 2050 563 2127 micorum,
591 2048 710 2108 scilicet
737 2050 782 2107 sic
803 2047 939 2109 scribunt
960 2050 991 2109 hi
1012 2048 1170 2128 homines,
1199 2054 1233 2107 ut
1255 2055 1322 2107 tan-
1403 2061 1404 2066 ’

400 2139 462 2191 tum
485 2130 644 2210 scripsisse
665 2132 740 2191 satis
762 2150 832 2191 esse
854 2131 982 2210 ducant,
1005 2132 1076 2210 quid
1099 2139 1153 2191 aut
1174 2150 1271 2209 quare
1292 2138 1323 2191 et

401 2214 509 2294 quibus
532 2214 675 2293 scribant,
699 2213 773 2275 nihil
795 2213 834 2275 ad
856 2233 921 2276 eos.

482 2297 561 2360 Uror
583 2305 767 2379 autemego
790 2299 900 2375 nimia,
932 2316 997 2358 rem
1024 2295 1094 2355 fidei
1117 2303 1149 2356 et
1167 2296 1322 2356 ecclesiae
1403 2333 1404 2350 r

398 2390 430 2442 et
452 2382 606 2461 praesumi
629 2388 690 2441 tam
710 2381 826 2460 ineptis
839 2380 988 2459 cerebris,
1010 2386 1042 2439 et
1063 2380 1130 2460 geri
1151 2386 1213 2439 tam
1235 2379 1322 2459 igna-

400 2466 463 2541 vis,
485 2465 570 2523 utin
593 2466 636 2523 eis
659 2471 780 2543 praeter
791 2464 937 2523 invidiam
960 2471 991 2528 et
1013 2463 1158 2522 malitiam
1181 2461 1258 2521 nihil
1281 2463 1322 2522 vi·

400 2566 472 2607 vere
494 2546 615 2624 videas,
640 2547 719 2607 adeo
741 2548 855 2624 iacent,
876 2547 988 2626 frigent
1009 2545 1196 2624 sordeutque
1219 2546 1323 2605 omnia
1403 2565 1404 2574 ¹

400 2648 479 2708 quae
500 2629 645 2691 scribunt.
688 2629 769 2704 Quid
791 2649 846 2709 pro
869 2627 1323 2689 ecclesiacontradaemonum
1403 2629 1404 2684 4

399 2718 482 2771 astus
499 2720 530 2771 et
551 2714 754 2792 cogitationes
775 2713 1006 2793 potentissimas
1027 2710 1071 2770 illi
1093 2711 1248 2788 valerent,
1273 2712 1324 2789 qui

321 2801 329 2815 ⁸
399 2796 430 2854 in
444 2794 533 2855 rebus
544 2794 737 2855 interioribus
748 2796 794 2855 sic
804 2795 952 2875 languent
960 2795 1009 2854 vel
1020 2794 1128 2854 ludunt
1140 2794 1265 2875 potius?
1278 2792 1325 2853 lta
1403 2807 1404 2834 l

400 2876 547 2939 schedula
557 2880 616 2943 ista
628 2886 703 2955 tota,
715 2897 788 2939 cum
801 2882 918 2958 pugnet
929 2886 1035 2953 contra
1046 2896 1178 2956 errores,
1195 2896 1260 2937 non
1271 2876 1326 2936 ha·
1403 2923 1404 2940 2

401 2962 516 3023 betnisi
528 2982 618 3023 unam
628 2962 909 3022 honcautoritatem
923 2957 1131 3025 infelicissime
1146 2960 1323 3020 adductam.
1403 3015 1404 3044 ,

382 3086 385 3089 -
401 3046 510 3106 Cetera
532 3052 602 3105 sunt
619 3046 734 3106 salivae
748 3046 906 3105 hominum
920 3053 951 3103 et
965 3042 1139 3121 maledicta,
1159 3062 1227 3103 oum
1242 3062 1323 3118 eam,
1403 3055 1404 3102 3

401 3148 479 3207 quae
502 3130 690 3191 subnomine
704 3129 844 3209 episcopi
862 3126 969 3205 editur,
988 3133 1131 3206 oporteat
1143 3128 1323 3206 episcopum
1384 3142 1392 3153 “

399 3212 522 3289 referre,
544 3212 604 3271 hoo
616 3219 672 3287 est,
695 3211 858 3291 Scripturis
869 3210 983 3271 sanctis
995 3209 1214 3280 densissimam⁴
1226 3217 1259 3269 et
1279 3228 1323 3267 re·
1403 3209 1404 3220 ¹

399 3294 506 3354 tertam
530 3312 608 3354 esse.
650 3294 753 3356 Probo
765 3297 869 3373 itaque
884 3293 1091 3355 obedientiam
1110 3292 1243 3371 concilii,
1268 3290 1322 3351 sed
1403 3353 1404 3358 ,

401 3376 523 3436 mallem
546 3396 614 3437 eam
643 3379 734 3437 stetui
754 3378 834 3459 ,suis
870 3385 900 3438 et
933 3376 1077 3457 legitimis
1110 3375 1323 3451 firmamentis,
1379 3376 1385 3385 “

383 3480 439 3519 ἠε
461 3458 643 3520 adversariis
665 3459 839 3519 videremur
854 3480 916 3520 nec
935 3461 1014 3521 scire
1037 3466 1142 3519 nostra
1163 3477 1223 3518 uec
1244 3459 1322 3518 tueri
1403 3455 1404 3468 ¹

400 3562 508 3623 posse,
541 3542 647 3620 quales
676 3561 733 3603 nos
756 3543 919 3605 traducunt
953 3544 983 3603 hi
1005 3541 1210 3603 infelicissimi·
1235 3541 1325 3601 sche·'

401 3626 518 3689 dularii.

484 3710 557 3770 Post
578 3707 655 3766 haec
677 3709 735 3767 itur
753 3707 792 3767 ad
815 3715 985 3775 extremum
1008 3710 1080 3773 artis
1104 3708 1209 3782 decus,
1233 3707 1324 3787 quale

402 3802 484 3853 certe
513 3809 572 3871 ego
605 3809 664 3850 nec
686 3790 819 3865 Misnae,
851 3809 910 3852 nec
930 3791 1083 3870 Lipsiae,
1103 3810 1162 3851 nec
1184 3790 1323 3851 Dresdae

400 3876 524 3954 reperiri
537 3873 744 3935 credidissem.
787 3872 912 3953 Orphea
932 3872 982 3933 hic
1003 3874 1110 3934 credas
1124 3893 1247 3953 canere,
1271 3891 1323 3952 op·
1366 3904 1370 3908 ·

404 4010 614 4029 ———·-·r··*

474 4064 504 4129 1)
527 4022 705 4120 medient
725 4061 941 4131 respondebunt.
