3159 4792
565 519 599 574 do
615 519 744 573 ntorum
761 515 927 571 christion&
1140 507 1205 577 235

281 730 354 775 num
377 713 545 775 bominem.
587 711 646 772 Hie
667 710 747 771 enim
771 705 1006 786 respondebitur
1025 701 1086 762 illis
1108 699 1204 760 omni·

282 798 349 878 bus,
371 798 425 877 qui
447 796 543 860 verbo
564 795 643 856 fidei·
658 801 691 854 et
711 794 763 868 iis,
786 810 866 871 quoe
888 789 970 850 diets
992 791 1072 861 sunt,
1095 781 1204 844 offensi

281 881 404 942 dieunt:
427 880 460 941 Bi
473 879 552 940 ddes
573 878 677 941 omniu
698 876 781 951 feeit,
804 882 835 936 et
852 873 919 936 sols
940 871 978 933 ed
991 869 1136 931 iustitiam
1159 885 1205 926 se·

281 965 320 1026 tis
341 969 409 1039 est,
431 978 486 1024 our
505 981 580 1044 ergo
602 965 769 1042 praecepto
789 965 860 1018 suut
880 957 963 1018 bone
984 949 1099 1034 opero?
1127 949 1205 1011 olio·

284 1048 388 1109 bimur
408 1065 482 1128 ergo
505 1050 536 1107 et
553 1045 629 1106 nibil
652 1042 862 1124 operabimur,
884 1040 946 1101 lide
968 1032 1126 1100 oontsnti?
1147 1032 1204 1092 Re·

281 1131 442 1212 spondeo:
477 1129 546 1191 Non
569 1130 628 1204 sie,
660 1126 763 1207 impii,
791 1125 929 1190 nonsio.
973 1122 1054 1181 Vere
1082 1114 1205 1214 quidem

282 1217 334 1275 sio
353 1212 485 1274 baberet
508 1232 558 1273 res
579 1213 654 1289 iste,
685 1211 711 1270 si
735 1210 858 1289 penitus
887 1213 918 1267 et
937 1204 1074 1286 perleote
1094 1205 1207 1294 interpr

282 1305 314 1359 et
338 1297 515 1378 spirituales
537 1313 685 1370 essemus,
707 1292 791 1373 quod
812 1309 876 1352 non
898 1289 962 1364 det,
983 1287 1042 1346 nisi
1063 1285 1208 1380 iunonis*

283 1383 364 1441 simo
388 1379 439 1440 die
456 1378 691 1440 resurrectionis
713 1382 920 1455 mortuorum,
941 1371 1043 1438 donee
1063 1387 1093 1430 ιιι
1117 1382 1209 1429 earne

284 1465 436 1539 vivimus,
459 1481 521 1523 non
543 1463 602 1523 nisi
624 1463 787 1543 incipimus
809 1469 840 1523 et
861 1459 1051 1543 profluimus,
1072 1453 1154 1536 quod
1176 1454 1207 1516 in

282 1548 385 1608 future
397 1546 459 1607 vite
471 1545 661 1626 perficietur3
672 1552 799 1629 propter
814 1545 895 1625 quod
908 1544 1067 1626 apostolus
1080 1541 1168 1602 Rom.
1178 1539 1207 1603 8.

199 1634 208 1650 ‘
285 1629 427 1710 appellet
448 1630 596 1709 primitius
619 1630 757 1710 spiritus,
795 1628 877 1708 quod
899 1631 929 1690 in
951 1628 1011 1688 beo
1032 1627 1095 1686 vito
1116 1622 1207 1683 habe

284 1732 364 1788 mus,
387 1712 685 1791 eooepbrrisollioet
704 1712 840 1773 decimos
863 1719 894 1772 et
914 1708 1134 1792 plenitudinem
1150 1705 1209 1785 spi-

283 1797 359 1856 ritns
388 1796 421 1854 io
455 1795 566 1858 futuro.
612 1795 659 1856 Ad
692 1796 773 1856 beno
800 1801 917 1875 partem
946 1793 1093 1876 pertinet,
1126 1787 1208 1870 quod

284 1897 379 1959 supro
399 1880 535 1957 positum
557 1885 619 1953 est,
655 1878 861 1941 Christianum
890 1897 959 1939 esse
989 1877 1123 1938 omnium
1148 1893 1209 1934 ser-

283 1981 356 2021 vrrm
379 1966 412 2020 et
433 1960 576 2022 omnibus
597 1961 776 2026 subiectum.
821 1961 889 2036 Qun
917 1963 998 2023 enim
1025 1965 1113 2041 perte
1133 1957 1211 2017 liber
1260 1987 1262 1992 ·

285 2050 343 2119 est,
366 2043 442 2102 nilril
459 2050 620 2123 operetur,
655 2063 717 2124 quo
746 2052 849 2106 eutem
872 2063 978 2105 servus
1007 2049 1070 2119 est,
1106 2041 1210 2101 omnio

287 2132 445 2207 operetur,
468 2125 550 2205 quod
574 2144 635 2203 que
656 2129 776 2188 ratione
798 2127 861 2200 fiet,
884 2127 1053 2189 videamus.

374 2207 568 2288 Quemquam
591 2209 701 2287 homo,
727 2218 763 2271 ut
789 2210 851 2270 dixi
864 2209 908 2286 1),
941 2212 1022 2272 intus
1043 2207 1210 2270 seeundum

285 2292 426 2372 spiritum
449 2290 616 2375 perfidem
640 2292 764 2354 abunde
785 2295 859 2354 setis
882 2292 1071 2370 iustificetur,
1093 2291 1210 2351 hebens

284 2373 432 2454 quidquid
453 2373 568 2435 hebere
589 2375 691 2448 debet,
713 2378 772 2437 nisi
797 2376 879 2455 quod
895 2378 976 2438 beno
996 2377 1095 2456 ipsam
1117 2372 1209 2434 fldem

286 2465 319 2518 ot
335 2457 528 2536 opulentiam
549 2463 673 2538 oportet
705 2459 745 2520 de
773 2459 823 2520 die
856 2461 887 2520 in
930 2460 1011 2521 diem
1033 2475 1211 2540 augescere,

285 2543 439 2619 usquein
459 2540 591 2601 lirturon
613 2543 722 2621 vitem,
757 2551 859 2603 tanton
888 2549 993 2604 menet
1013 2544 1045 2602 in
1066 2541 1126 2602 heo
1146 2541 1212 2600 vita

284 2623 409 2684 mortali
432 2630 667 2703 superterram,
687 2627 719 2684 in
742 2644 803 2704 qua
825 2645 954 2688 neeesse
966 2632 1022 2704 est,
1044 2631 1077 2686 ut
1099 2643 1211 2704 eorpus

288 2725 378 2766 snum
401 2707 557 2785 proprium
581 2714 685 2787 reget,
708 2715 829 2769 etcum
851 2708 1026 2771 homiuibus
1048 2724 1211 2770 converse·

284 2797 341 2850 tor.
385 2787 445 2848 Hie
464 2791 525 2848 iem
546 2791 698 2870 incipiunt
712 2811 817 2872 opero,
840 2792 890 2852 hio
902 2811 966 2854 non
981 2798 1028 2852 est
1042 2790 1210 2869 otiandum,

283 2871 334 2932 hie
355 2879 441 2932 certe
462 2872 646 2950 eorundum,
668 2880 703 2935 ut
724 2892 836 2954 eorpus
857 2875 994 2950 ieiuniis,
1018 2873 1144 2954 vigiliis,
1167 2873 1210 2933 lo·

283 2953 413 3014 boribus
434 2954 564 3034 aliisque
585 2955 755 3037 disciplinis
778 2957 945 3017 moderetis
968 2961 1157 3033 exerceatur,
1180 2961 1212 3014 et

287 3037 406 3116 spiritui
438 3037 603 3114 subdetur,
635 3046 669 3102 ut
697 3039 815 3100 bomini
837 3041 973 3100 interiori
996 3045 1027 3098 et
1048 3037 1120 3098 ddei
1138 3037 1211 3099 obe·
1257 3077 1260 3082 -

285 3119 350 3180 diet
370 3125 403 3179 et
424 3120 591 3181 oonlormis
613 3123 662 3196 sit,
683 3139 743 3183 neo
764 3125 792 3183 ei
815 3123 945 3184 rebellet
961 3127 1014 3182 aut
1034 3122 1134 3200 ipsum
1156 3122 1211 3180 im·

285 3201 405 3280 podius,
438 3203 517 3263 siout
543 3210 592 3265 est
621 3205 778 3286 ingenium
802 3207 882 3281 eius,
908 3207 939 3270 si
969 3205 1119 3265 ooeroitus
1145 3221 1211 3264 nou

285 3285 386 3348 luerit·
426 3285 557 3347 interior
585 3289 669 3347 eninr
696 3289 792 3350 bomo
825 3290 991 3350 oonlormis
1013 3287 1081 3348 Deo
1118 3286 1209 3348 etad

286 3369 452 3448 imaginem
477 3369 534 3429 Dei
562 3374 685 3433 oreatus
712 3371 882 3452 perfidem
920 3379 951 3433 et
972 3363 1088 3452 gaudet
1116 3377 1146 3430 et
1167 3371 1210 3429 iu-

286 3450 437 3511 onndetur
457 3459 584 3531 propter
604 3452 768 3533 Christum,
789 3457 821 3514 in
843 3475 904 3534 quo
926 3461 1013 3515 tento
1036 3453 1092 3515 sibi
1116 3453 1209 3513 oolla-

286 3538 317 3593 to
339 3541 414 3594 sont
434 3533 527 3613 bono,
548 3535 631 3597 unde
654 3543 686 3597 et
705 3537 766 3599 boo
782 3539 884 3599 solum
905 3539 1022 3620 negotii
1038 3537 1094 3597 sibi
1107 3535 1210 3613 hebet,
1279 3605 1286 3614 ,

286 3624 318 3675 ot
344 3635 415 3676 oum
443 3617 557 3698 gaudio
579 3625 612 3680 et
638 3620 733 3701 gistis
754 3621 822 3681 Deo
850 3622 964 3682 serviet
989 3623 1020 3680 in
1044 3620 1136 3680 libero
1162 3637 1212 3678 oe-

284 3699 383 3759 nete.

366 3781 435 3842 Hoo
457 3782 528 3843 dum
553 3786 634 3865 egit,
670 3803 744 3846 eooe
765 3789 797 3846 iu
821 3804 913 3847 oerne
933 3787 1060 3867 proprio
1082 3781 1212 3845 offendit

287 3864 476 3926 voluntatem
492 3869 687 3946 oontroriom,
700 3887 790 3948 pune
807 3870 923 3930 mundo
936 3870 1051 3930 servire
1073 3873 1104 3928 et
1118 3885 1214 3946 quoe.

290 4051 597 4117 1)lned.1521verbe:
609 4060 647 4110 ut
658 4055 718 4109 dix
727 4058 746 4124 i,
757 4058 785 4110 iu
797 4057 956 4126 parenthesi
968 4059 1060 4126 posito¹
1068 4059 1211 4130 leguntur„
