3159 4792
498 581 501 588 Ι
583 497 618 551 da
635 497 763 552 libertate
781 495 948 552 Christiana.
1158 490 1221 561 237

300 699 379 761 qaae
402 688 452 742 est
471 682 582 763 ingens
603 680 779 761 insipientia
795 682 1011 764 etignorantia
1032 681 1222 747 Christianae

299 766 381 825 vitae
410 771 443 826 et
468 763 557 843 lldei,
587 763 669 825 velle
696 766 765 829 sine
783 764 845 826 lide
866 785 921 846 per
950 784 1045 846 opera
1065 764 1223 826 iustificari

298 855 330 908 et
350 847 477 910 salvari.
956 903 957 908 ,

382 929 425 991 Ut
445 936 548 991 autem
570 948 617 1007 aa,
640 949 720 1007 quae
741 931 890 1009 diximus,
912 930 1031 992 facilius
1055 931 1222 1010 capiantur,

298 1012 549 1074 similitudinibus
582 1031 619 1072 ea
646 1020 861 1076 monstremus.
904 1013 1028 1074 Debent
1050 1032 1146 1093 opera
1169 1013 1221 1074 ho-

298 1097 391 1156 minis
416 1095 580 1157 Christiani
611 1095 779 1175 perfidem
802 1115 889 1157 suam
911 1116 951 1159 ex
973 1115 1058 1156 mera
1079 1098 1222 1177 gratuita·

298 1198 360 1258 que
382 1177 593 1240 misericordia
613 1178 671 1238 Dei
706 1178 861 1240 iustificati
884 1187 915 1240 et
936 1179 1045 1240 salvati
1075 1198 1137 1240 non
1160 1179 1222 1240 alio

298 1262 371 1322 loco
393 1261 517 1339 haberi,
540 1280 630 1340 quam
654 1280 749 1341 opera
769 1263 900 1323 fuissent
921 1263 1009 1323 Adae
1032 1268 1063 1322 et
1084 1262 1169 1324 Evae
1191 1265 1222 1324 in

299 1344 468 1423 Paradiso,
492 1351 524 1406 et
545 1345 680 1405 omniurn
713 1344 861 1421 liliorum,
896 1348 919 1404 si
944 1365 1006 1406 non
1029 1355 1222 1426 peccassent,

302 1427 342 1487 de
365 1427 475 1506 quibus
487 1427 565 1488 Gen.
578 1430 607 1490 2.
628 1429 673 1487 sie
694 1427 817 1489 dicitur:
841 1429 946 1488 Posuit
962 1429 1044 1488 Deus
1058 1428 1224 1507 hominem,

302 1529 395 1589 quem
417 1511 617 1587 formaverat,
643 1512 676 1570 in
697 1510 892 1590 Paradisum,
930 1519 963 1572 ut
984 1518 1128 1591 operetur
1143 1511 1171 1586 ι)
1195 1520 1227 1572 et

301 1592 472 1654 custodiret
492 1592 589 1654 illum.
632 1594 675 1654 At
696 1594 797 1654 Adam
818 1601 885 1655 erat
912 1596 1008 1654 iustus
1032 1602 1063 1654 et
1083 1603 1184 1654 rectus
1207 1615 1226 1654 a

302 1677 371 1737 Deo
394 1684 525 1754 creatus,
547 1678 674 1756 sineque
684 1683 826 1756 peccato,
848 1678 891 1738 ita
912 1684 945 1737 ut
966 1697 1021 1757 per
1043 1696 1129 1738 suam
1152 1696 1226 1757 ope·
1290 1692 1294 1701 '

302 1760 454 1820 rationem
478 1769 509 1819 et
530 1759 702 1820 custodiam
722 1779 785 1820 non
802 1778 879 1840 opus
894 1760 1052 1821 habuisset
1071 1759 1226 1824 iustificari

304 1849 335 1902 et
355 1850 459 1903 rectus
480 1841 556 1917 lieri,
579 1841 650 1920 sed,
672 1861 713 1902 ne
734 1845 853 1904 otiosus
873 1844 946 1922 iret,
969 1843 1054 1904 dedit
1074 1845 1102 1903 ei
1124 1843 1226 1904 Domi-

303 1944 361 1986 nus
395 1927 570 2006 negotium,
604 1933 638 1987 ut
668 1926 827 1986 Perdisurn
865 1927 982 2002 coleret
1015 1932 1046 1986 et
1080 1933 1225 1988 servaret

304 2007 393 2083 Quae
415 2008 545 2069 fuissent
576 2027 673 2088 opera
700 2029 773 2069 vere
807 2010 960 2070 liberrima
988 2009 1100 2071 nullius
1129 2011 1245 2090 madar

183 2120 184 2127 ε
301 2091 394 2168 facta,
417 2093 476 2153 nisi
497 2091 681 2172 beneplaciti
704 2091 811 2168 divini,
835 2112 897 2154 nou
919 2092 958 2153 ad
981 2094 1126 2154 iustitiam
1150 2091 1226 2154 obti-

302 2173 447 2252 uendam,
470 2194 560 2253 quarn
582 2177 643 2235 iarn
665 2175 800 2236 habebat
821 2176 929 2256 plene,
958 2195 1037 2254 quae
1060 2184 1091 2238 et
1114 2195 1225 2254 conge·

304 2259 368 2318 nita
390 2257 499 2318 fuisset
519 2258 609 2318 uobis
633 2257 785 2319 omnibus.

384 2340 432 2402 lta
454 2355 486 2400 et
506 2340 658 2401 credentis
678 2341 812 2402 hominis
836 2359 947 2420 opera,
980 2342 1031 2420 qui
1059 2361 1112 2420 per
1135 2339 1227 2405 fidem

303 2443 390 2484 suam
414 2423 515 2484 denuo
534 2425 687 2504 repositus
710 2426 809 2488 estin
833 2423 1009 2484 Paradisum
1031 2431 1063 2485 et
1083 2423 1122 2484 de
1144 2443 1228 2486 novo
1273 2431 1277 2442 '

304 2514 477 2581 moneatur,
499 2525 562 2568 non
584 2515 656 2588 eget
678 2507 839 2587 operibus,
861 2514 894 2567 ut
913 2508 1010 2568 iustus
1032 2506 1086 2568 fiat
1108 2514 1160 2570 aut
1181 2510 1229 2587 sit,

303 2589 358 2651 sed
380 2609 421 2651 ue
444 2591 561 2651 otiosus
582 2591 638 2667 sit,
659 2604 691 2652 et
711 2609 823 2670 corpus
844 2609 931 2651 suum
954 2599 1097 2670 operetur
1118 2598 1149 2652 et
1170 2611 1230 2654 ser·
1299 2595 1309 2606 '

305 2681 366 2748 set,
388 2680 461 2734 suut
481 2673 510 2733 ei
537 2692 633 2753 opera
654 2673 805 2735 eiusmodi
828 2673 976 2736 libertatis
998 2674 1098 2737 solum
1119 2676 1230 2738 intuitu

305 2756 400 2818 divini
422 2755 607 2837 beneplaciti
628 2756 780 2836 facienda,
802 2758 861 2818 nisi
876 2756 959 2836 quod
977 2757 1114 2818 nondum
1137 2759 1230 2838 plene

304 2840 435 2901 recreati
455 2843 560 2901 sumus
581 2839 718 2919 perfecta
732 2838 795 2905 fide
817 2847 849 2900 et
870 2841 1006 2918 commta,
1029 2860 1119 2920 quarn
1129 2841 1162 2922 ²)
1178 2861 1230 2902 au-

305 2923 371 3003 geri
405 2929 546 3003 oportet,
578 2941 641 2984 non
677 2930 779 2984 tamen
813 2943 868 3004 per
896 2942 1007 3002 opera,
1044 2922 1099 2984 sed
1121 2943 1176 3003 per
1197 2943 1232 2986 se

305 3025 400 3067 rsas.

315 3026 336 3086 p
390 3087 498 3165 Aliud,
531 3089 695 3169 episeopus
729 3107 816 3150 sacer
846 3079 997 3168 templum
1032 3107 1227 3169 consecrans,

307 3190 419 3252 pueros
442 3169 643 3249 confirmans,
677 3179 727 3232 aul
751 3171 836 3232 aliud
867 3172 1022 3252 quippiam
1060 3170 1153 3234 officii
1183 3174 1230 3234 sui

306 3255 423 3316 iaciens
442 3273 506 3315 non
528 3262 726 3316 consecratur
745 3256 783 3316 iis
805 3256 878 3335 ipsis
892 3256 1035 3335 operibus
1057 3256 1087 3316 in
1111 3256 1230 3336 episeo-

307 3359 391 3418 pum,
411 3339 475 3398 imo
496 3339 555 3398 nisi
573 3342 645 3400 ante
659 3346 742 3399 esset
755 3346 953 3400 consecratus
969 3341 1143 3420 episcopus,
1166 3338 1231 3400 uul-

307 3422 369 3482 lnm
392 3423 520 3481 istorum
543 3439 670 3500 operum
694 3421 859 3501 quidquam
882 3421 1036 3502 valerent,
1066 3430 1231 3502 essentque

305 3505 401 3566 stulta
422 3512 454 3564 et
474 3505 602 3583 puerilis
624 3512 656 3564 et
676 3504 801 3566 ludicra.
845 3506 891 3567 lta
913 3505 1101 3567 Christianus
1123 3525 1177 3584 per
1199 3504 1230 3566 fi-

307 3587 377 3648 dem
400 3605 486 3649 suam
518 3596 717 3649 consecratus
746 3588 829 3649 bona
849 3589 923 3649 facit
947 3609 1057 3668 opera,
1091 3588 1231 3648 sednon

309 3691 365 3752 per
386 3671 465 3731 haec
487 3672 584 3750 magis
606 3689 694 3732 sacer
716 3678 769 3732 aut
790 3672 980 3732 Christianus
1003 3671 1143 3737 efficitur,
1164 3671 1232 3732 Hoc

309 3755 389 3816 enim
412 3754 511 3814 solius
525 3751 598 3817 lidei
619 3761 677 3833 est,
698 3755 761 3816 imo
773 3755 832 3814 nisi
850 3761 922 3816 ante
939 3754 1078 3816 crederet
1099 3761 1130 3814 et
1148 3753 1232 3818 Chri·

381 3948 411 4015 l)
430 3948 460 4000 ln
480 3947 523 4000 ed.
543 3947 628 4004 15²1:
649 3954 821 4018 operaretur.
857 3947 890 4016 2)
912 3947 940 4005 lo
961 3946 1003 4000 ed.
1018 3946 1083 4002 1521
1104 3953 1131 3999 et
1156 3947 1231 4001 lene

317 4033 395 4087 quas.
