3159 4792
352 502 416 571 416
655 504 809 577 Disputatio
827 508 862 564 Ι).
886 502 920 562 ll.
938 508 969 563 L.

356 695 482 837 hgmine
504 694 672 771 ocientem)
696 696 863 775 inducunt,
888 696 970 776 quod
992 700 1071 758 retio
1095 696 1282 778 deprecetur

355 798 374 839 a
417 780 543 858 optime.

417 863 466 925 29.
495 861 581 938 item,
604 861 688 940 quod
708 863 740 921 in
761 862 888 923 homine
908 864 949 922 eit
970 862 1072 923 lumen
1095 863 1199 924 vultus
1221 863 1281 924 Dei

355 962 525 1025 supernos
548 944 719 1025 signalum,
748 944 780 1005 id
803 953 864 1023 eet,
899 944 1028 1006 liberum
1059 946 1218 1007 arbitrium
1239 945 1280 1005 ud

354 1026 548 1090 formandum
570 1034 685 1087 rectum
709 1026 863 1088 dictamen
886 1035 918 1088 et
939 1027 1051 1089 bouem
1075 1030 1279 1090 voluntatem.

418 1113 468 1176 30.
495 1108 588 1189 ltem,
624 1110 707 1189 quod
735 1110 869 1172 hominio
896 1113 937 1171 eit
963 1112 1079 1192 eligere
1107 1112 1225 1173 bonum
1248 1120 1280 1172 et

355 1194 480 1269 molum,
504 1211 558 1252 eeu
581 1194 675 1253 vilem
699 1201 731 1253 et
751 1201 882 1254 mortem
905 1202 964 1255 etc.

418 1280 467 1341 31.
490 1276 605 1336 Omnes
627 1276 802 1337 istiusmodi
823 1296 924 1356 noque
936 1277 1009 1356 quid
1026 1278 1175 1339 sichomo
1191 1278 1282 1337 intel·

355 1360 462 1441 ligurit,
486 1378 587 1437 nequo
608 1358 648 1419 de
670 1378 730 1438 quo
752 1380 784 1420 re
808 1360 973 1439 loquentur
993 1363 1053 1441 ipsi
1074 1363 1185 1421 sciunt.

419 1444 469 1507 32.
491 1438 603 1502 Poulue
625 1442 716 1505 Rom.
738 1446 782 1507 3:
807 1444 998 1504 Arbitremur
1019 1445 1174 1504 hominem
1197 1446 1282 1503 iusti·

356 1526 441 1587 liceri
463 1524 524 1585 lide
546 1526 662 1604 ubsque
685 1527 841 1605 operibus,
864 1527 997 1587 breviter
1019 1528 1151 1587 hominis
1174 1526 1283 1586 delini·

357 1611 471 1671 tionem
495 1608 621 1687 colligit,
644 1607 759 1685 dicens,
782 1609 947 1669 Hominem
969 1610 1126 1670 iustificari
1146 1609 1220 1671 fide.

419 1695 469 1756 33.
492 1691 601 1770 Certo,
630 1694 681 1771 qui
709 1691 935 1753 iustificandum
966 1693 1054 1772 dicit,
1083 1703 1282 1773 peccatorem

358 1782 390 1836 ei
409 1776 571 1852 iniustum,
605 1792 642 1834 oc
668 1776 712 1834 iic
738 1794 826 1835 reum
849 1794 953 1837 coram
977 1777 1045 1836 Deo
1068 1778 1194 1855 usserit,
1228 1776 1284 1835 ced

358 1878 413 1941 per
434 1858 565 1939 gretiam
587 1856 778 1919 salvandum.
1279 1864 1283 1866 ’

421 1943 470 2005 34.
493 1940 532 1999 Ei
554 1940 711 2001 hominem
732 1940 907 2019 indefinite,
928 1941 960 2000 id
983 1948 1045 2018 eet,
1069 1942 1285 2002 universaliter

358 2026 486 2104 cccipil,
508 2031 542 2082 ul
558 2023 728 2083 'concludat
749 2031 847 2085 totum
870 2024 1033 2102 mundum,
1058 2044 1113 2085 seu
1135 2024 1284 2104 quidquid

359 2116 487 2169 vocetur
507 2105 612 2185 homo,
634 2106 690 2168 sub
712 2116 853 2187 peccato.

421 2194 471 2256 35.
500 2188 602 2264 Quare
631 2190 726 2251 homo
753 2191 843 2250 huius
878 2192 958 2251 vitae
987 2198 1035 2251 eet
1056 2210 1133 2271 puro
1156 2192 1284 2251 materia

359 2275 418 2335 Dei
438 2274 478 2334 ed
500 2272 619 2333 iuturee
640 2274 758 2335 formae
779 2293 854 2334 suae
875 2277 981 2335 vitem.

423 2361 472 2423 36.
502 2356 586 2418 Siout
608 2362 639 2417 et
660 2364 726 2418 tcta
748 2364 907 2435 creature,
937 2376 1020 2417 nunc
1041 2357 1181 2417 subiecta
1201 2359 1287 2417 veui·

359 2443 430 2519 tati,
464 2440 680 2501 moterioDeo
713 2448 760 2500 est
790 2439 831 2501 ed
852 2440 1020 2520 gloriosam
1043 2441 1176 2501 futuram
1198 2459 1287 2499 suem

361 2525 501 2585 formem.

423 2609 471 2672 37.
501 2606 540 2665 El
570 2605 668 2684 qualis
698 2606 753 2665 l'uit
775 2612 857 2665 terre
879 2613 911 2666 et
933 2607 1054 2667 coelum
1078 2608 1109 2666 in
1134 2607 1287 2686 principio

360 2688 401 2750 cd
421 2689 552 2749 formum
574 2696 646 2768 poet
667 2708 722 2749 sex
744 2687 812 2749 dies
826 2688 1029 2769 completam,
1051 2690 1082 2750 id
1105 2699 1163 2767 eet,
1190 2700 1285 2749 mute-

360 2792 407 2833 rro
428 2792 483 2833 our.

423 2858 474 2921 38.
499 2854 582 2915 'ralis
604 2862 652 2915 eet
674 2848 768 2917 hom'o
792 2856 822 2914 in
846 2855 905 2915 hec
925 2857 990 2915 vite
1010 2855 1049 2915 ed
1072 2856 1204 2916 futuram
1227 2856 1287 2916 for·

361 2960 442 3000 mem
486 2958 589 3018 suem,
632 2959 700 2999 cum
743 2936 910 2999 reformate
947 2946 979 2999 et
1021 2939 1158 3020 perlecto
1196 2939 1289 2999 luerit

361 3026 464 3103 imago
488 3022 553 3084 Dei.

390 3106 396 3115 “
425 3103 656 3186 39.1nrerea¹)
689 3106 879 3184 inpeccatis
902 3105 1083 3184 esthemo,
1112 3105 1196 3165 etin
1221 3104 1289 3164 dieo

363 3190 412 3250 vel
435 3188 616 3263 iustificetur
639 3188 689 3247 vel
711 3188 859 3269 polluitur
882 3188 988 3267 magis.

424 3273 474 3334 40.
505 3272 584 3331 Hine
604 3271 716 3331 Paulus
743 3272 804 3331 isle
831 3272 958 3331 rationis
985 3291 1082 3353 regnu
1112 3290 1172 3331 uec
1200 3290 1287 3330 urun-
1407 3301 1408 3320 2

362 3355 434 3416 dum
445 3354 600 3500 ,dignatur
621 3354 795 3436 appellere,
826 3356 881 3415 sed
905 3354 1031 3415 scheme
1056 3353 1158 3416 muudi
1183 3356 1287 3435 potius

363 3458 444 3500 voce
459 3486 465 3500 .

435 3776 466 3841 1)
487 3774 518 3827 ln
537 3774 578 3827 ed.
599 3773 675 3828 lenc
695 3776 815 3827 interim.
