3159 4792
376 521 440 597 134
609 523 720 585 Tesser.
741 524 851 579 tonsol
870 520 906 577 D.
924 522 959 575 ll.
978 522 1090 579 botheri

378 718 453 789 tare,
477 728 535 771 ceu
557 708 724 770 membrum
748 728 816 770 eum
840 709 956 789 capite,
977 709 1011 771 in
1032 727 1095 789 qno
1116 728 1227 771 omnes
1249 728 1303 769 no·

379 801 462 857 strae
479 794 630 871 fortunae,
652 794 753 853 omnis
774 792 970 854 incolumitas
993 797 1024 853 et
1045 792 1176 855 felicitas
1198 791 1230 870 ¹)
1257 799 1304 856 est

378 878 489 956 posita.
534 876 740 955 Agnoscimus
773 877 853 936 enim
883 882 965 936 tuam
990 876 1025 939 D.
1056 895 1126 938 esse
1155 884 1303 955 tanquam

375 960 517 1021 'Naaman
540 957 713 1037 quendam,
751 978 806 1039 per
837 978 928 1038 quern
950 959 1034 1019 Deus
1056 959 1187 1020 salutem
1210 958 1305 1019 bodie

377 1042 431 1103 dat
452 1041 652 1120 Germaniae,
682 1042 761 1102 sicut
791 1042 863 1102 olim
895 1062 950 1121 per
978 1042 1064 1101 illum
1087 1041 1193 1122 Syriae
1224 1041 1305 1103 salu-

377 1132 440 1185 tem
462 1124 556 1186 dedit.
600 1123 702 1199 Quare
724 1126 816 1185 etiem
840 1126 1116 1205 totumimperium
1128 1126 1302 1186 Romeuum

378 1210 411 1267 in
432 1215 515 1268 tuam
537 1208 574 1271 D.
597 1210 689 1269 uuam
712 1209 837 1269 coniicit
858 1209 977 1287 oculos,
1000 1226 1068 1269 eam
1089 1213 1253 1269 veneratur
1272 1214 1306 1269 et

378 1292 506 1369 suspicit
527 1293 672 1369 tanquam
695 1298 813 1370 petrem
836 1292 971 1371 patriae,
1007 1298 1151 1371 tanquam
1181 1291 1305 1370 insigne

379 1375 473 1435 totius
495 1373 632 1454 Imperii,
666 1375 832 1453 praecipue
865 1393 939 1434 vero
953 1374 988 1448 2)
1018 1374 1224 1436 Germanicae
1253 1392 1306 1433 na·

380 1458 472 1517 tionis
497 1463 709 1517 ornamentum
733 1463 764 1517 et
785 1456 981 1537 praesidium.

460 1540 568 1618 Neque
597 1547 699 1600 eutem
721 1540 782 1601 hoc
799 1538 827 1622 ³)
857 1540 958 1601 solum
989 1546 1060 1600 tuce
1081 1539 1120 1602 D.
1143 1538 1304 1616 debemus,

379 1630 412 1683 ut
433 1630 464 1683 et
485 1623 682 1683 consolemur
708 1642 776 1683 eam
806 1642 861 1703 pro
891 1623 1021 1700 viribus,
1054 1629 1085 1682 et
1114 1622 1306 1683 familiariter

379 1713 573 1786 praesentem
597 1726 701 1767 cesum
723 1707 867 1779 feramus,
889 1706 944 1767 sed
967 1706 1187 1785 multomagis,
1210 1704 1305 1766 etad
1402 1767 1403 1778 ,

352 1836 354 1848 .
378 1789 477 1850 Deum
499 1808 555 1868 pro
578 1789 754 1849 valetudine
782 1796 814 1850 et
843 1789 942 1850 salute
973 1794 1026 1849 tua
1052 1788 1304 1867 interpellemus:
1402 1783 1403 1806 ¹

377 1871 408 1931 id
431 1871 515 1949 quod
537 1891 656 1932 summa
679 1872 839 1951 diligentia
862 1878 893 1931 et
914 1871 1016 1931 studio
1040 1878 1153 1935 etuas
1176 1872 1209 1931 D.
1234 1871 1304 1931 sub-

379 1955 449 2015 ditis
471 1954 537 2015 lieri
559 1974 660 2033 spero.
704 1955 807 2033 Atque
828 1973 888 2034 ego
920 1954 1060 2034 quidem,
1087 1972 1178 2034 quem
1210 1954 1306 2013 multa

379 2040 451 2097 tuae
470 2037 507 2097 D.
531 2037 663 2117 insignia
690 2036 840 2097 beneficia
872 2057 911 2097 ec
940 2039 1049 2097 meritc
1077 2056 1151 2117 prae
1179 2036 1306 2115 reliquis

379 2117 551 2181 debitorem
566 2121 808 2199 constituerunt,
830 2138 968 2200 agnosco
985 2120 1047 2181 hcc
1068 2140 1087 2181 a
1108 2138 1159 2180 me
1180 2120 1305 2198 requiri,
1403 2131 1404 2192 t

379 2208 413 2345 ult
433 2202 581 2283 singulari
608 2204 712 2283 aliquo
741 2202 846 2264 officio
879 2202 1095 2334 gratitudinem
1128 2222 1229 2264 meam
1252 2202 1305 2263 da

381 2305 505 2349 cerem.
1080 2320 1084 2327 -

463 2368 544 2443 Quia
579 2366 697 2445 vero4)
735 2370 766 2427 in
797 2367 897 2428 hac
888 2368 1004 2447 rugenii
1044 2375 1076 2429 et
1112 2368 1303 2429 fortunarum
1404 2389 1405 2410 ι

382 2453 530 2512 tenuitate
552 2451 664 2510 nihil
656 2453 777 2529 moigne
806 2458 963 2530 praestare
990 2469 1133 2530 possum,
1166 2470 1306 2511 commo·

381 2534 451 2594 dum
475 2533 635 2598 admonuit
623 2540 704 2595 tme
724 2533 761 2595 D.
781 2533 934 2613 Georgius
948 2533 1135 2612 Spoletinus,
1157 2535 1210 2612 qui
1232 2541 1307 2595 tuae

382 2616 418 2679 D.
441 2636 460 2675 a
488 2617 583 2677 saeris
612 2623 674 2693 eet,
708 2622 740 2677 ut
768 2616 1014 2681 consolationem
1045 2617 1180 2695 aliquem
1214 2618 1304 2696 spiri-

380 2698 530 2759 tualem
523 2699 730 2775 instituerem,
759 2718 890 2779 eamque
918 2698 1016 2761 adD
1040 2707 1122 2760 tuam
1153 2702 1305 2761 transmit·

379 2789 485 2859 terem,
507 2780 573 2842 lore
595 2783 678 2841 enim
699 2744 730 2843 id
754 2781 889 2845 officium
920 2783 1043 2844 tuaeD.
1067 2802 1215 2861 perquam
1236 2803 1306 2864 gre·

380 2870 453 2925 t.um
497 2863 565 2945 Ego
594 2866 686 2945 igitur
711 2865 797 2927 uolui
820 2865 949 2927 moleste
979 2867 1070 2925 amici
1099 2866 1230 2928 concilio
1259 2886 1306 2927 rc·

379 2967 532 3028 pugnare,
568 2953 599 3009 et
634 2950 777 3029 congessi
811 2949 889 3009 haec
922 2948 1153 3045 quatuordecim
1193 2951 1307 3028 capita,

380 3039 524 3110 tanquam
546 3032 577 3091 in
605 3031 709 3094 tabula
740 3032 876 3113 digesta,
907 3033 1014 3111 eisque
1035 3031 1306 3094 Tessarodecadoe

380 3133 493 3175 nomen
515 3114 597 3185 dedi,
620 3122 653 3175 ut
674 3122 779 3175 essent
767 3116 870 3177 tlccc
894 3114 1126 3191 quatuordeeim
1142 3116 1305 3194 Diuorum,

379 3215 457 3274 quos
479 3199 654 3276 superstitio
677 3206 783 3261 nostra
805 3198 941 3258 omnium
955 3198 1104 3260 malorum
1116 3198 1306 3326 depulsores

379 3278 453 3338 fecit
474 3285 505 3338 et
526 3280 706 3358 appellavit.

460 3360 517 3420 Est
538 3368 591 3421 eut
592 3380 641 3420 em
662 3361 740 3421 hece
762 3379 824 3419 non
853 3368 963 3441 argent
964 3382 1016 3458 ea,
1049 3363 1106 3423 sed
1136 3319 1303 3443 spiritualis

379 3443 500 3519 tabula,
532 3462 594 3521 qna
623 3462 685 3504 uon
709 3443 893 3523 templorum
913 3446 1047 3525 parietes
1069 3446 1216 3524 ornandi,
1249 3446 1304 3508 sed

380 3545 466 3601 mens
487 3527 540 3607 pis
562 3526 708 3605 erigenda
730 3545 768 3587 ae
790 3526 1002 3589 confirmanda
1029 3537 1085 3591 est.
1135 3530 1183 3589 Ae
1211 3549 1304 3610 spero

379 3628 447 3669 eam
479 3611 510 3669 in
544 3611 699 3689 praesenti
734 3616 806 3671 tuae
834 3611 871 3672 D.
906 3611 1030 3673 fortune
1066 3613 1201 3673 maxime
1236 3613 1305 3675 fore

378 3693 493 3753 utilem.
541 3691 643 3753 Habet
671 3699 772 3753 autem
802 3693 878 3755 duas
906 3701 1027 3775 partes,
1056 3713 1183 3774 quarem
1219 3698 1305 3779 prior

449 3898 477 3951 lt
497 3896 529 3949 ln
560 3898 601 3950 ed.
630 3898 690 3952 len.
724 3898 859 3953 additum:
891 3905 994 3952 nostre.
1020 3900 1172 3967 ⁴2)1bid.:
1200 3907 1301 3956 autem.
1350 3964 1357 3971 ⁵

376 3967 409 4036 3)
430 3967 499 4021 lbid.
522 3968 621 4023 deest:
641 3970 705 4023 hoc·
741 3971 774 4037 4)
794 3972 880 4025 lbid.:
899 3977 1015 4025 autem?
