3159 4792
341 488 405 557 360
667 491 825 563 Disputatio
843 490 883 547 D:
897 492 934 549 lt.
953 492 983 550 t.

370 677 443 743 140.
465 675 601 755 Summa,
622 684 698 739 vota
719 678 817 741 libera
839 686 923 757 sunt,
944 693 1008 739 non
1031 676 1189 759 damnata,
1212 686 1277 740 tum

345 759 561 843 temporaliter
582 768 645 820 tum
667 770 817 842 perpetuo
840 760 1061 839 servabilis¹).

352 1024 398 1094 Its
428 1025 577 1109 Digentia
606 1023 853 1173 liptsopplopiluorpL
866 1022 1115 1191 gropositionss
1142 1022 1279 1091 Homini

533 1258 683 1320 Martinus
705 1259 853 1320 Lutirerus
875 1262 928 1341 pio
951 1260 1083 1324 Laetori.

434 1412 553 1493 Sparsit
580 1412 798 1492 quispiam*‘)
821 1432 920 1494 nuper
950 1415 1017 1475 sine
1044 1414 1173 1475 nomine
1197 1412 1277 1473 Gon

352 1496 509 1559 elusiones
534 1495 653 1574 aliquot
674 1502 783 1557 eontra
797 1496 827 1557 di
872 1498 964 1559 miam
979 1497 1208 1577 episcoporum,
1231 1517 1278 1557 sa·

353 1581 393 1640 tis
415 1579 598 1658 virulentae,
627 1597 769 1658 peneque
791 1516 971 1659 seditiosas,
1001 1579 1073 1640 dum
1094 1580 1276 1661 popularem

352 1664 509 1726 sotionem
532 1660 627 1742 vulgo
649 1662 802 1747 adversus
819 1662 960 1743 digamos
982 1662 1094 1725 tribuit.

383 1815 385 1820 ,
435 1745 513 1806 Cum
536 1745 629 1825 igitur
648 1746 709 1805 ieta
727 1744 843 1806 invidia
866 1765 916 1807 me
938 1764 1060 1826 quoque
1082 1748 1147 1826 peti
1167 1746 1279 1807 intelli-

351 1848 477 1910 gerem,
508 1834 542 1887 ut
569 1828 621 1906 qui
642 1846 711 1887 eum
734 1829 839 1907 primis
861 1830 1037 1909 ooniugium
1060 1830 1277 1909 episeoporum

352 1912 502 1973 aduersus
520 1909 706 1971 coelibatum
730 1909 936 1989 probaverim,
958 1913 1055 1972 visum
1079 1918 1136 1991 est,
1159 1921 1280 1973 eonne-

349 1995 402 2055 riis
431 1992 688 2057 Conclusionibus
708 2012 831 2055 veneno
854 1996 919 2055 eius
941 2013 1111 2073 oeourrere,
1134 2016 1174 2054 ue
1196 1995 1279 2055 vide·

351 2078 425 2137 lieet
456 2074 594 2136 infirmas
624 2076 703 2137 torte
736 2078 943 2139 eonscientiae
965 2077 1173 2159 perturbaret,
1210 2088 1241 2139 et
1263 2097 1283 2138 e
1321 2120 1330 2133 ,

336 2158 540 2221 -isvillaista
559 2177 674 2220 novum
705 2160 883 2221 incendium
906 2159 1065 2241 flagraret,
1097 2162 1123 2221 si
1146 2168 1284 2222 oontem-

353 2248 484 2304 notetur.

438 2324 573 2387 Seianae
595 2329 802 2388 eommentum
825 2331 882 2403 est,
906 2326 948 2387 ibi
969 2324 1130 2407 peceatum
1154 2326 1284 2407 tingere,

353 2409 405 2471 ubi
429 2409 546 2469 nullum
570 2414 634 2482 est,
666 2414 698 2468 et
718 2409 865 2469 iustitiam
888 2428 1019 2490 negare,
1055 2411 1105 2471 ubi
1129 2428 1203 2470 vera
1223 2418 1283 2487 est,

354 2493 403 2553 oui
424 2510 458 2551 se
480 2490 622 2569 praebuit
648 2492 883 2551 instrumentum
906 2492 1110 2553 olenenlariue
1133 2494 1191 2553 iste
1215 2492 1284 2553 Dis·

353 2580 493 2654 putator,
529 2574 573 2632 ita
593 2579 627 2632 ut
649 2581 681 2633 et
703 2576 902 2654 magistratus
924 2576 955 2636 in
978 2575 1141 2637 disorirnen
1165 2582 1283 2636 eteon·

355 2656 504 2717 seientiae
526 2662 558 2715 et
580 2654 857 2719 administrationis
873 2659 1163 2720 ooniiosrenitstur.
1206 2658 1285 2719 Eru-

332 2740 433 2799 ·ditus
456 2738 530 2799 satis
553 2745 616 2817 eat,
639 2739 695 2799 sed
717 2742 842 2817 mirum,
873 2740 945 2821 quid
968 2740 1103 2802 delectet
1124 2742 1284 2803 hominem

352 2822 547 2903 serpentinis,
569 2820 600 2881 id
623 2828 680 2900 est,
702 2824 831 2883 oeeultis
853 2823 1014 2901 morsibus,
1036 2844 1074 2884 ae
1095 2844 1157 2885 non
1172 2830 1283 2904 aperto

355 2907 459 2987 potius
480 2904 578 2965 Marte
600 2924 748 2986 pugnare.
791 2906 853 2968 Sed
873 2906 991 2968 invidie
1013 2915 1074 2987 est,
1098 2926 1178 2989 quae
1200 2908 1285 2986 quie-

352 3007 523 3050 eserenon
546 2994 659 3067 potest,
682 2996 714 3048 et
735 2996 925 3070 tamenprae
946 2992 1136 3051 oonseientia
1159 2990 1286 3071 prodire

353 3092 416 3134 non
439 3071 542 3131 audet.
581 3072 682 3152 Lege,
719 3074 761 3131 mi
783 3072 900 3150 leetor,
929 3077 1089 3153 utresque,
1121 3080 1153 3133 et
1181 3072 1286 3133 indies

352 3155 464 3232 libere,
486 3155 636 3215 Dominus
659 3162 759 3215 teoum
782 3156 892 3216 Amen.

357 3273 561 3289 p-——o-b—n—-u—-n

427 3332 454 3398 1)
472 3330 504 3384 Ιιι
532 3332 574 3384 ed.
606 3334 676 3400 orig.
703 3347 835 3385 numeros
873 3331 971 3383 herum
1002 3329 1121 3383 thesium
1155 3332 1198 3381 est
1225 3326 1284 3391 139,

352 3405 416 3473 quis
436 3418 568 3458 numerus
587 3403 623 3457 64
641 3405 696 3457 bis
713 3404 752 3458 ibi
771 3405 890 3470 scriptus
909 3404 1059 3457 invenitur.

427 3476 457 3537 *J
478 3475 536 3527 Nos
563 3480 669 3527 textum
695 3474 867 3527 reddidimus
898 3474 1025 3527 editionis
1051 3469 1135 3535 1538,
1167 3467 1284 3521 collatae

355 3564 418 3600 cum
441 3546 483 3599 ed.
503 3546 591 3613 1558,
620 3549 776 3615 germanice
807 3546 910 3615 legitur
937 3548 965 3598 in
984 3542 1102 3597 Waichii
1121 3539 1192 3593 Coil.
1213 3538 1284 3607 Opp.

352 3616 465 3671 Lutheri
477 3618 508 3670 T.
519 3616 582 3670 XIX
601 3634 627 3686 p.
648 3616 719 3673 2176
738 3616 800 3671 coll.
821 3634 847 3687 p.
868 3616 929 3672 116.
974 3616 1020 3681 ”i
1042 3616 1109 3681 Quis
1127 3613 1173 3665 hie
1191 3613 1285 3677 fuerit,

353 3691 428 3741 inter
448 3692 522 3741 viros
542 3688 640 3741 doctos
659 3705 716 3741 non
736 3694 861 3757 constat,
879 3695 945 3742 sunt
963 3690 1009 3757 qui
1030 3704 1086 3741 non
1106 3690 1212 3737 temere
1223 3698 1285 3735 eeu·

354 3767 438 3823 soant,
459 3760 541 3812 huius
560 3758 647 3813 libelli
667 3759 801 3813 adversus
822 3758 996 3814 sacerdotum
1018 3758 1170 3829 digamiam
1190 3759 1286 3807 eneto-

354 3846 412 3881 rem
433 3830 710 3885 tuisse'Viiibaldum
728 3831 951 3888 Pirirheimerum
973 3834 1020 3893 tei.
1041 3828 1176 3884 Riederer
1195 3825 1286 3879 Nech-

354 3901 459 3952 richten
481 3918 529 3953 nur
547 3902 841 3957 Kirehen-Galehrten·
860 3903 916 3955 und
937 3898 1234 3957 eueher-Gemmeus.
1251 3896 1285 3950 T.

236 4028 242 4040 ,
355 3969 400 4023 ιι.
419 3987 445 4038 p.
466 3973 544 4041 sos).
