3159 4792
535 509 570 565 dc
588 509 834 571 non-vindicando
853 515 904 565 cte.
1116 508 1190 575 341,

302 698 470 773 2.,Οιιιίειί
492 688 617 781 iervus,
650 699 722 762 dum
745 700 875 764 aliorum
904 702 934 761 in
957 720 992 769 ss
1011 702 1185 767 commissis

261 785 411 865 ignoscit,
442 803 567 846 suorum
589 804 608 848 a
627 784 697 845 Deo
719 786 840 846 veniam
876 786 1045 845 certissime
1065 787 1185 866 accipit.

302 870 334 933 3.
357 866 410 928 Sui
433 867 581 935 offensam
606 868 790 931 ulciscentes
815 873 846 929 et
874 868 914 927 ad
938 866 995 929 Dei
1018 870 1187 932 conniveo·
1231 921 1240 937 ,

261 957 307 1011 tes
332 950 496 1012 Christiani
520 950 667 1028 censendi
688 970 751 1012 non
772 955 852 1013 sunt.
1109 969 1115 975 ’

302 1035 334 1096 4.
357 1033 547 1094 Christianus
570 1033 610 1095 ob
633 1035 680 1093 sui
708 1033 910 1094 offensionem
933 1053 1056 1113 parum,
1090 1036 1187 1114 magis

261 1118 301 1177 ob
324 1117 474 1197 proximi,
507 1123 555 1177 ast
577 1117 616 1178 ob
640 1117 753 1179 Christi
783 1119 918 1179 maxime
946 1116 1060 1177 turbari
1082 1117 1183 1179 debet.

302 1204 333 1263 5.
355 1200 482 1261 Inimico
506 1198 714 1261 condonatam
737 1202 889 1277 iniuriam,
913 1200 1019 1261 habita
1040 1208 1184 1281 opportu-

260 1285 376 1355 nitate,
404 1302 499 1363 opere
520 1302 584 1344 non
607 1282 806 1346 ostendentes
831 1284 915 1345 verbi
938 1284 994 1343 Dei
1020 1294 1186 1364 transgres-

259 1386 348 1427 sores
371 1372 540 1447 arguuntur
561 1364 696 1429 indubie.

303 1454 333 1513 6.
357 1448 532 1511 Pontifices.
563 1450 724 1529 (neglecta
747 1448 901 1529 evangelii
933 1448 1184 1527 praedicatione)

260 1532 300 1592 ad
323 1534 568 1593 ceremoniarum
591 1531 716 1607 cultum,
739 1533 805 1591 sive
819 1550 1069 1610 quarumcunque
1086 1552 1185 1592 rerum

259 1616 557 1675 administrationem
590 1616 729 1675 conversi
771 1635 790 1675 a
819 1614 962 1675 Samuele
994 1634 1062 1675 cum
1093 1615 1186 1676 Saulo

258 1699 454 1764 iudaeorum
477 1718 551 1777 rege
573 1697 679 1768 audire
702 1704 873 1758 merentur:
898 1697 1050 1771 Quoniam
1074 1698 1186 1759 abieci-

260 1783 298 1842 sti
325 1800 487 1842 sermones
510 1782 649 1859 Domini,
683 1782 797 1841 abiecit
818 1789 848 1841 te
870 1781 972 1858 Deus,
997 1800 1036 1841 ne
1059 1782 1099 1841 sis
1121 1801 1185 1845 rex.

302 1864 334 1930 7.
357 1864 601 1925 Praedicaticnis
635 1865 801 1944 praecipua
846 1870 877 1923 et
917 1863 985 1924 sola
1017 1884 1036 1923 a
1065 1864 1186 1925 Christo

258 1948 414 2027 apostolis
437 1957 483 2007 est
504 1948 586 2007 facta
607 1949 794 2023 commissio,
817 1947 889 2009 huic
910 1948 935 2007 si
947 1946 1109 2026 pontifices
1124 1967 1185 2008 non

258 2032 428 2111 paruerint,
452 2050 516 2099 non
539 2029 633 2091 modo
657 2031 870 2111 apostolorum
889 2048 951 2097 non
974 2037 1045 2091 sunt
1060 2050 1186 2099 succes-

258 2134 358 2192 sores,
381 2113 436 2173 sed
462 2123 492 2173 et
515 2113 627 2173 Christi
649 2114 834 2174 desertores.

298 2199 330 2261 8.
353 2197 467 2264 Suast
455 2196 636 2257 traditiones
658 2216 758 2276 aeque
781 2216 850 2256 cum
874 2195 976 2255 divina
998 2195 1068 2276 lege
1090 2199 1186 2257 niten-

257 2289 304 2340 tes
330 2280 519 2341 ohservarc¹
526 2285 540 2354 )
581 2299 660 2339 ιιοιι
655 2280 778 2341 Christi
811 2284 842 2341 et
869 2277 1101 2358 apotolorum,
1132 2280 1188 2343 aad

259 2370 393 2423 satanae
415 2368 448 2423 ct
460 2370 513 2423 ant
501 2362 708 2423 itohristorum
731 2364 816 2425 vices
830 2381 937 2442 gerere
958 2364 1072 2441 apertis
1087 2362 1185 2443 Scrip-

259 2456 396 2507 turarum
423 2446 608 2506 testimoniis
631 2447 863 2508 convincuntur.

303 2532 333 2593 9.
355 2530 515 2588 Minimum
553 2528 663 2589 Christi
698 2529 823 2589 verbum
862 2529 988 2589 solvens
1037 2529 1187 2589 universis

260 2614 423 2673 hominum
447 2611 578 2671 desuetis
601 2614 806 2708 nequicquam
829 2623 877 2671 est
899 2609 1110 2672 obediens.

284 2699 335 2759 10.
358 2695 431 2756 Plus
464 2694 618 2759 obedient
599 2703 661 2780 trae
689 2696 786 2755 cuivis
815 2695 909 2755 verbo
940 2694 1065 2769 Christi,
1096 2696 1188 2753 etiam

262 2780 391 2838 minimo
415 2776 508 2837 debet
495 2782 559 2854 tur,
593 2772 795 2855 quamtotius
818 2777 969 2837 ecclesiae
991 2776 1188 2839 ordinationi.

286 2866 334 2925 il.
356 2860 590 2921 lncbedientiae
612 2862 727 2921 crimen
750 2880 812 2921 non
828 2862 995 2934 incurrunt,
1018 2861 1069 2937 qui
1091 2860 1187 2919 homi-

262 2964 336 3003 num
366 2941 548 3003 traditiones
575 2951 684 3003 contra
704 2943 805 3024 legem
828 2944 884 3003 Dei
907 2961 970 3001 non
993 2940 1109 3001 ducunt
1136 2961 1187 3021 au-

263 3027 405 3087 diendaa

286 3113 333 3174 12.
356 3109 485 3169 inferior
507 3110 695 3187 superiorem
727 3115 911 3187 peccantem
942 3108 1074 3166 fraterne
1096 3106 1188 3165 corri-

262 3196 352 3273 piens
364 3191 572 3252 obedientiam
581 3191 624 3251 ilii
637 3192 771 3253 debitam
786 3192 962 3251 exhibuisse
975 3208 1036 3249 nun
1049 3195 1188 3282 negatur.

264 3309 500 3389 Disputatio
529 3308 567 3368 D.
588 3308 693 3371 Mart.
717 3308 828 3369 Luth.
858 3306 908 3367 de
937 3306 1191 3386 baptismate

364 3392 482 3472 tegis,
503 3390 693 3451 Iohannis
716 3399 751 3451 et
773 3392 923 3455 Christi
946 3390 1090 3451 habita

552 3491 643 3551 Anno
667 3492 706 3554 ιι.
725 3492 761 3555 u.
785 3493 902 3571 xxc).

310 3596 336 3656 i.
358 3592 424 3651 Lex
446 3591 598 3671 baptisma
620 3594 735 3671 carnia,
768 3591 921 3652 Iohannes
946 3592 1095 3669 baptisma
1118 3608 1190 3667 poe-

178 3741 179 3750 ,
265 3676 436 3750 nitentiae,
461 3675 562 3734 Christ
551 3682 598 3735 tuo
613 3674 774 3754 baptisma
795 3677 912 3755 gratiae
933 3675 1035 3736 habet.

178 3811 179 3814 =
266 3783 305 3831 tio
327 3782 446 3845 repetita
466 3765 508 3830 est
526 3796 563 3829 ex
581 3778 622 3830 ed
643 3780 723 3844 Prop
744 3772 1191 3831 Luth.a.1558.1nedit.1538

178 3889 179 3894 ι
266 3854 335 3903 haec
355 3851 508 3917 disputatio
528 3850 758 3902 sicinscribitur:
782 3849 844 3900 hlia
864 3848 1017 3917 Disputatio
1038 3845 1071 3898 D.
1083 3845 1190 3895 Martini

267 3923 392 3985 Lot-heri,
413 3922 505 3975 habita
523 3938 595 3974 anno
614 3921 649 3975 Μ.
665 3921 697 3971 D.
721 3920 778 3970 XX.

336 3995 420 4060 =1)1n
441 3992 484 4045 ed.
506 3994 587 4047 1538:
608 3993 759 4046 observari.

339 4066 367 4132 ἰ
387 4068 416 4117 tn
435 4064 480 4119 ed.
499 4066 569 4121 1530
587 4066 656 4118 haec
674 4064 825 4132 disputatio
843 4065 883 4114 ita
900 4061 1074 4114 inscribitur:
1094 4060 1192 4128 Dispu-
