3159 4792
493 488 554 542 prs.
567 472 770 535 laborentibne
792 477 820 526 et
837 471 974 533 euentu
1141 464 1207 531 119

283 676 381 720 ramus
404 664 436 718 et
456 656 616 726 nobiseum
637 658 719 724 teate
742 628 838 736 0000,-
857 658 1116 733 nibilooiremns,
1146 676 1211 721 000.

285 760 435 807 memores
456 759 611 818 essemus,
646 758 714 801 eum
737 741 815 803 haee
836 761 899 801 non
929 742 1017 804 alitor
1039 740 1129 803 nobis
1150 741 1207 803 im*

285 822 533 903 0000000001),
557 844 648 903 quem
671 826 696 885 si
717 824 955 903 dormientibus,
981 826 1042 885 imo
1066 825 1211 898 mortun·

284 927 320 973 00
339 908 441 986 potius
458 906 608 969 nondum
642 909 722 969 natis
756 900 1022 987 impenderentur,
1055 916 1203 986 quantum

285 990 320 1051 ad
343 997 481 1054 nostram
507 992 639 1070 pertinet
660 991 810 1053 notitiam.

363 1073 411 1135 lta
431 1073 585 1151 videmus,
619 1092 709 1153 quam
742 1076 810 1136 sine
836 1074 926 1138 nobis
956 1093 1013 1134 nos
1047 1075 1211 1153 excipiant,

285 1156 406 1217 divintm
428 1158 641 1220 miserationes
664 1164 695 1217 et
716 1157 956 1221 consolationes.
988 1157 1097 1217 Adhuc
1120 1156 1204 1217 dubi·

284 1248 395 1318 temua
416 1241 571 1307 autetiam
583 1239 798 1320 desperamus,
815 1240 912 1301 nostri
925 1260 1027 1301 euram
1050 1240 1212 1318 illiusque

277 1322 374 1385 -hodie
397 1342 475 1385 esse.
521 1322 552 1385 si
574 1342 664 1402 quem
694 1324 770 1386 baso
799 1324 990 1403 experientia
1016 1343 1078 1383 non
1107 1323 1207 1385 erudit

284 1426 340 1467 000
361 1414 482 1481 movet,
514 1408 621 1467 neseio
649 1406 720 1485 quid
744 1406 865 1471 erudire
894 1413 925 1466 et
948 1426 1073 1467 movere
1096 1408 1205 1485 possit.

283 1490 369 1552 Hane
396 1490 477 1555 enim
510 1488 648 1559 videmus
681 1491 796 1569 passim
825 1491 856 1552 in
884 1488 1026 1550 omnibus
1048 1488 1204 1550 infantulis

282 1574 530 1653 praesentissime
548 1572 644 1635 nobis
665 1574 856 1653 expositam,
883 1574 927 1632 ite
954 1579 987 1632 ut
1012 1580 1138 1632 nostrae
1157 1573 1211 1632 in·.

282 1655 442 1737 sipientiee
465 1663 496 1717 et
511 1654 647 1717 *duritiae
670 1663 717 1716 tot
739 1655 883 1735 exempla
914 1657 1074 1734 proposita
1096 1657 1204 1714 merito

283 1739 371 1801 nobis
395 1738 531 1802 debeant
551 1758 620 1799 esse
633 1757 746 1819 magno
765 1738 885 1817 pudori,
907 1739 932 1797 si
950 1737 1131 1815 dubitemus,
1143 1738 1205 1799 ‚vel

283 1823 470 1882 levissimum
500 1821 613 1883 bonum
648 1822 696 1882 vel
727 1822 840 1881 molum
869 1821 935 1881 sine
965 1820 1109 1901 singulari
1133 1841 1205 1881 eura

284 1906 340 1966 Dei
365 1904 456 1967 nobis
479 1906 668 1985 contingere.
1034 1966 1039 1972 ,

365 1987 417 2049 Sia
445 1986 476 2047 B.
506 1984 661 2067 Petrua²t
694 1989 720 2049 l⁴
744 1986 808 2048 Pet.
832 1987 866 2052 5:
891 1986 1029 2069 *Omnem
1056 1983 1200 2046 sollicito·

281 2070 384 2133 dinem
408 2070 604 2151 proiioientes
624 2072 656 2130 in
679 2090 764 2148 eum,
802 2072 947 2150 quoniam
981 2070 1040 2149 ipsi
1062 2076 1109 2127 est
1131 2088 1203 2128 eura

281 2155 319 2215 da
342 2154 453 2233 vobis,
487 2161 519 2215 ot
554 2154 634 2217 Psal.
657 2155 696 2219 36
714 2154 762 2229 ³]:
801 2154 885 2215 laete
918 2174 1011 2233 snper
1037 2152 1202 2214 Dominum

281 2258 384 2306 euram
415 2244 496 2299 tuam
520 2239 637 2317 etipse
659 2244 689 2309 te
711 2238 868 2299 enutriet,
896 2237 936 2297 Et
956 2237 990 2295 B.
1012 2235 1203 2314 Augustinus

282 2322 320 2396 ad
342 2322 478 2388 animam
501 2340 587 2384 suam
608 2322 639 2381 in
663 2316 819 2383 Confess:
850 2318 930 2395 Quid
957 2337 1050 2398 super
1078 2326 1108 2377 te
1129 2326 1211 2395 stas,⁸
1278 2315 1281 2322 “

283 2412 314 2467 et
334 2423 400 2465 non
423 2402 508 2463 stes?
531 2405 647 2483 proiice
668 2410 699 2463 te
721 2404 844 2477 ineam,
864 2404 1029 2464 nonenim
1048 2400 1207 2461 subtrahet

285 2507 420 2567 manum,
442 2494 475 2547 ut
496 2506 583 2565 ruas3
605 2487 765 2550 etiterum
790 2490 817 2549 i.
839 2486 903 2547 Pet.
925 2485 961 2547 4:
994 2485 1101 2563 ltaque
1123 2493 1159 2543 et·
1174 2484 1212 2543 hi.

183 2582 184 2585 ’
284 2572 335 2649 qui
359 2572 516 2649 patiuntur
536 2568 703 2638 seeundum
726 2569 996 2642 voluntatemne,
1017 2567 1099 2627 fideli
1121 2586 1204 2629 erea-

284 2655 341 2722 tori
365 2651 584 2729 commendent
605 2654 723 2716 animas
747 2654 872 2718 suasio
894 2651 1073 2713 benefactis.
1209 2718 1212 2726 ,

368 2736 444 2797 Osi
465 2738 532 2815 quis
561 2736 620 2796 hae
647 2737 767 2796 ratione
789 2736 889 2797 Deum
918 2755 1004 2794 suum
1028 2734 1055 2808 ¹)
1091 2752 1210 2814 cogno,

285 2830 395 2893 soeret,
418 2838 509 2899 quam
524 2838 659 2897 securus,
681 2837 772 2899 quam
790 2820 920 2897 quietus,
944 2836 1034 2896 quam
1056 2816 1206 2877 ineundus
1281 2875 1288 2889 p

285 2910 402 2985 ageret.
435 2902 494 2966 Hie
515 2922 587 2963 vere
598 2902 695 2963 Deum
719 2901 857 2974 heberet,
879 2903 980 2962 sciens
995 2908 1080 2960 uerte
1103 2901 1210 2964 omnia.

285 3007 351 3065 soa,
384 3004 587 3069 quaeeunque
618 2986 672 3053 illa
693 2991 814 3060 essent,
841 2983 921 3043 illius
949 2984 1132 3042 suavissima
1153 3000 1211 3055 vo3

285 3071 404 3139 lentate
425 3069 609 3149 disponente
631 3068 688 3129 sibi
711 3067 860 3147 obtigisse
881 3072 913 3127 et
934 3066 1102 3143 obtingere.
1141 3062 1212 3141 Stat

284 3152 373 3215 firma
390 3153 545 3216 sententia
567 3152 663 3211 Petri:
686 3151 746 3231 lpsi
770 3157 817 3211 est
839 3167 911 3210 eura
933 3147 971 3209 de
994 3147 1089 3208 vobis.
1128 3142 1212 3221 Quid,

285 3235 347 3299 hoe
368 3234 464 3297 verbo
488 3234 606 3295 dulcius
628 3232 733 3295 audire
754 3231 944 3315 possumus?
970 3230 1045 3291 ldeo
1068 3230 1211 3310 proiicite

287 3338 423 3395 omnam,
445 3319 554 3397 inquit,
576 3316 816 3383 sollicitudinem
838 3318 869 3377 in
892 3335 972 3377 eum.
1208 3371 1212 3384 ,

370 3400 464 3477 Quod
486 3402 511 3465 si
533 3400 594 3467 hoe
616 3420 679 3473 non
701 3401 840 3477 facimus,
862 3409 893 3459 et
915 3413 973 3459 000
995 3398 1053 3477 ipsi
1076 3415 1132 3476 pro
1155 3414 1207 3455 no-

287 3484 332 3547 bis
355 3484 481 3545 solliciti
503 3501 625 3555 sumus,
648 3483 721 3561 quid
742 3482 826 3543 aliud
847 3483 989 3553 facimus,
1013 3500 1103 3559 quem
1126 3476 1210 3557 quod

287 3576 317 3630 et
337 3568 396 3632 Dei
425 3586 530 3645 euram
559 3565 708 3645 impedire
740 3585 903 3640 conamur,
937 3571 968 3626 et
1000 3562 1090 3624 simul
1119 3560 1211 3643 nobis·

287 3658 421 3727 aetatem
445 3656 582 3718 nostram
598 3650 725 3725 tristem,
747 3649 944 3724 laboriosam,
969 3649 1090 3709 anxiam
1107 3644 1211 3703 multis

287 3734 469 3812 timoribus,
507 3732 605 3809 euris,
640 3730 818 3807 tumultibus
852 3731 1002 3791 facimus?
1044 3728 1145 3805 Atque
1179 3726 1210 3787 id

361 3957 393 4021 1)
414 3957 445 4007 ln
464 3955 505 4009 ed.
524 3956 598 4009 len:
618 3957 682 4007 sint
718 3954 751 4018 2)
773 3952 857 4007 lbid.:
884 3953 910 4004 S.
932 3954 1035 4006 Petrus.
1075 3950 1209 4019 3)1bts.:

292 4029 335 4085 bb.
371 4028 402 4093 4)
422 4028 490 4083 lbitt
510 4028 601 4083 deest:
621 4028 759 4082 suumzt
1113 4045 1116 4056 .
