3159 4792
590 538 626 594 de
645 544 712 595 roto
730 489 908 608 fururorum.
1155 536 1217 605 357

312 727 363 792 84.
384 724 432 787 lte
453 722 528 787 iilud
551 723 675 805 quidem
688 724 784 803 iuvat,
808 722 891 806 quod
913 726 1087 807 praefectus
1108 728 1138 787 in
1151 745 1217 809 per-

289 810 452 873 feotiorem
474 814 586 869 statum
609 808 729 891 migrat

313 896 365 960 85.
387 893 438 953 ius
464 892 545 953 enim
567 889 719 969 divinum,
748 891 840 971 quale
870 900 975 952 votum
1000 902 1064 973 est,
1105 892 1217 954 nullius

278 977 368 1056 ¹boni
390 976 490 1057 gratia
509 974 688 1036 violandum
712 980 767 1037 est

314 1061 366 1125 86.
388 1058 456 1121 sut
471 1058 598 1121 hules:
630 1057 701 1119 Nou
723 1065 796 1119 snut
816 1056 959 1120 faoieuda
985 1058 1091 1146 maia„
1114 1066 1148 1120 ut
1168 1079 1217 1120 ve·

292 1145 383 1205 nient
403 1142 495 1203 bona.

314 1228 366 1291 87.
387 1225 439 1286 Sis
460 1224 537 1285 nihil
557 1222 682 1302 dieitur,
712 1222 795 1304 quod
817 1225 990 1304 praefectus
1022 1224 1219 1286 obedientiae

294 1311 512 1393 episcoporum
534 1313 566 1367 et
586 1308 736 1367 maiorum
759 1306 906 1368 subditur.

315 1394 366 1458 88.
390 1392 435 1452 Ea
457 1389 634 1452 obedientia
665 1388 741 1471 nihii
769 1388 872 1450 differt
891 1389 937 1451 ab
968 1392 1103 1450 omnium
1126 1391 1219 1452 laieo-

294 1496 363 1537 rum
385 1472 571 1537 obedientia.

316 1557 430 1624 89111
466 1562 570 1617 vobim
602 1553 713 1631 euml)
737 1554 838 1615 soium
877 1555 1084 1616 obedientiam
1117 1563 1220 1636 vovet,

297 1661 389 1723 quarn
413 1640 509 1700 dietat
528 1638 637 1719 regula
657 1638 845 1718 professioni
869 1637 1007 1701 subditis.

316 1728 368 1791 90.
390 1725 418 1784 A
440 1740 502 1803 qna
521 1730 623 1781 tumen
646 1720 816 1782 liberantur
837 1720 908 1781 faeti
937 1720 986 1781 vel
1009 1724 1146 1805 episoopi
1170 1723 1219 1784 vel

297 1806 482 1869 oardinales.
955 1824 958 1829 ·

315 1894 368 1957 91.
389 1888 456 1950 Neo
476 1886 627 1961 lieeret2)
652 1886 755 1947 soluto
777 1892 852 1948 voto
876 1906 944 1947 earn
977 1888 1126 1950 maiorum
1149 1886 1220 1950 obe-

296 1973 455 2048 dientiam,
477 1970 597 2032 etiamsi
620 1969 729 2032 melior
750 1976 843 2049 esset,
867 1970 978 2031 subire.

316 2058 368 2123 92.
390 2054 501 2117 Obstat
523 2054 604 2113 enim
626 2051 762 2113 divinum
783 2054 831 2113 ius
854 2055 918 2115 voti
956 2053 1050 2133 quod·
1072 2074 1112 2115 ne
1134 2057 1221 2135 regni

294 2138 419 2221 quidem
442 2137 599 2199 oneiorum
621 2137 720 2217 gratie
742 2134 822 2197 iaedi
846 2135 948 2197 debet.

315 2224 367 2289 93.
388 2221 454 2283 Nisi
467 2220 518 2281 bio
536 2219 677 2299 dixerint,
700 2225 806 2279 sotum
822 2219 981 2301 religionis
1004 2220 1036 2279 in
1058 2224 1155 2281 toturn
1173 2222 1218 2282 sio

291 2304 425 2368 subdere
447 2304 604 2364 bominem
626 2301 753 2364 homiui.

315 2390 366 2454 94,
388 2386 431 2450 Ut
450 2387 623 2467 praefeotns
644 2388 692 2445 ins
714 2384 828 2446 habeat
850 2386 944 2445 etiam
958 2404 1061 2446 rursus
1083 2406 1152 2446 euru
1178 2386 1219 2446 di-

296 2471 439 2533 mittendi
461 2469 600 2545 liberum,
623 2470 648 2529 si
670 2486 760 2529 ouans
783 2466 928 2547 postulet.

316 2557 368 2620 95.
392 2554 427 2614 ld
449 2551 532 2633 quod
555 2570 615 2632 ego
637 2570 735 2631 prope
756 2556 824 2612 toto
838 2569 930 2612 seusu
944 2553 1135 2613 verissimum
1152 2572 1222 2613 esse

295 2637 524 2700 affirmaverim.
1145 2706 1147 2713 .

317 2722 369 2786 96.
390 2720 469 2779 Turn
491 2720 516 2778 si
539 2717 707 2794 easns'sit,
738 2722 769 2776 et
798 2716 972 2795 praefectus
995 2720 1089 2798 nolit,
1119 2726 1152 2780 ut
1173 2720 1223 2781 de·

296 2804 361 2883 bet,
381 2801 580 2863 nihilominus
602 2798 732 2859 liberum
756 2818 837 2858 esse.

320 2888 372 2952 97.
395 2886 457 2946 Aut
477 2886 502 2944 si
524 2884 585 2946 boe
606 2887 746 2959 nonest,
769 2884 958 2961 paupertatis
976 2890 1006 2944 et
1028 2884 1224 2946 obedientiae

297 2974 375 3032 vota
394 2970 456 3029 iam
476 2966 674 3047 probavimus
697 2983 759 3025 uon
783 2983 853 3024 esse
875 2972 1034 3045 perpetua.

320 3054 374 3119 98.
396 3049 501 3126 Quare
522 3055 553 3110 et
567 3046 792 3129 eongenium³)
820 3065 926 3108 eornm
945 3050 1094 3110 eastitatis
1118 3056 1222 3109 votum

297 3136 429 3197 liberum
451 3140 484 3194 et
505 3131 677 3212 temporale
700 3148 780 3191 esse.

320 3219 372 3283 99.
395 3216 438 3279 Ut
457 3216 648 3278 monasteria
660 3212 744 3274 aliud
756 3231 819 3273 non
843 3212 914 3291 sint,
936 3233 1026 3295 quam
1041 3216 1226 3277 christianae

299 3297 521 3361 formandae⁴t
547 3298 697 3379 pueritiae
719 3294 927 3377 paedagogia.

324 3386 395 3449 100.
417 3382 517 3459 Quam
541 3380 598 3442 snb
627 3379 790 3459 diaoiplina
818 3381 980 3460 temporali
1009 3382 1132 3442 formari
1162 3400 1227 3441 eor·

300 3466 450 3547 poraiiter
470 3464 703 3525 saluberrimum
722 3469 780 3524 eat.

323 3552 395 3616 101.
419 3547 496 3610 Cum
534 3561 608 3628 ergo
637 3544 765 3606 testibus
806 3544 917 3623 verbo,
954 3546 1031 3628 fide,
1063 3546 1228 3626 baptismo,

301 3630 449 3713 operibns
471 3631 540 3709 Dei,
561 3637 669 3690 votnm
691 3625 850 3689 hoo‘nibil
871 3627 918 3689 sit.

376 3795 409 3865 1)
426 3794 458 3848 Iu
478 3793 541 3847 edd.
561 3793 632 3849 1538
650 3797 678 3845 et
708 3792 792 3847 1558:
822 3793 916 3840 votnm
948 3803 1054 3841 eornm.
1092 3787 1124 3853 2)
1144 3785 1228 3841 lbid.:

302 3870 398 3923 linet¹
424 3866 457 3935 3)
484 3866 517 3919 In
547 3864 618 3922 1588
644 3864 763 3931 iegitur:
806 3859 898 3925 Quare
924 3862 1048 3929 seqnitur
1076 3868 1104 3911 et
1132 3874 1231 3928 conge·

303 3943 382 3995 nium
401 3946 453 3992 ete.
481 3940 555 3991 etin
574 3937 616 3991 ed.
636 3936 719 3991 1558:
746 3934 839 4000 Quare
861 3936 985 4001 sequitur
1012 3940 1038 3985 et
1056 3932 1226 4000 coniugium.

303 4012 336 4079 1)
379 4010 414 4065 ln
432 4008 475 4064 ed.
505 4010 576 4079 orig.
611 4008 677 4063 1521
710 4006 783 4059 etin
815 4002 1116 4064 58515885115581
1142 4004 1232 4075 pneri-

303 4085 362 4141 ἣν
378 4080 554 4138 forrumdaa
