3159 4792
595 486 629 542 ds
647 484 776 543 hhsstata
796 487 960 543 Christiana.
1171 483 1235 554 233

392 675 615 756 illaquaetus:
648 676 681 738 si
703 695 829 756 omnes,
859 678 913 756 qui
939 677 978 737 in‘
1001 677 1134 740 eaalesis
1155 682 1234 757 sunt,

311 759 492 820 saoerdotes
513 766 601 836 sunt,
622 779 685 839 quo
707 761 833 822 nomine
856 761 1068 836 disoemuntur
1089 760 1128 840 ii,
1155 779 1235 840 quos

310 861 394 902 nuno
415 842 594 906 saoerdotes
615 843 754 921 didimus,
775 864 795 904 a
816 843 926 904 laioisl
947 843 1151 924 Respondeo:
1173 844 1235 906 Vo-

310 925 429 986 oahulis
449 926 527 1004 istis,
549 927 706 1004 saeerdoa,
727 927 874 1006 elerious,
896 927 1070 1008 spiritualis,
1093 927 1236 988 adelesia·

309 1009 423 1084 mous,
444 1010 555 1070 iniuria
573 1010 656 1071 faeta
675 1018 737 1089 est,
773 1010 844 1071 dum
868 1031 886 1070 a
907 1010 1031 1090 reliquis
1054 1009 1234 1072 Christianis

277 1133 281 1139 -
310 1091 455 1153 omnihus
477 1093 626 1154 translata
653 1101 725 1154 sunt
756 1094 795 1154 ad
826 1112 943 1174 pausos
965 1095 1059 1172 istos,
1080 1094 1132 1173 qui
1153 1111 1236 1154 nuno

311 1195 369 1235 usu
401 1177 498 1237 noxio
530 1177 734 1238 eoolesiastioi
763 1176 913 1238 diouutur.
967 1177 1122 1256 Scriptura
1154 1177 1235 1237 enim

311 1261 421 1318 saneto
433 1258 509 1319 nihil
531 1259 676 1321 disosmit
695 1261 775 1320 inter
797 1279 862 1338 sos,
885 1261 944 1322 nisi
966 1260 1048 1339 quod
1070 1260 1235 1339 ministros,

283 1376 287 1385 ·
309 1359 436 1419 servos,
469 1361 659 1404 oeoonomos
680 1342 833 1424 appellat,
861 1343 913 1422 qui
934 1361 1016 1404 nuno
1037 1361 1153 1423 papae,
1176 1343 1237 1423 api·

311 1424 410 1504 osopi,
432 1423 611 1516 dominique
631 1427 791 1505 iaetantur,
814 1427 864 1506 qui
887 1427 997 1487 ueteris
1019 1428 1163 1504 serviant,
1185 1426 1238 1485 mi·

311 1507 440 1568 nisterio
462 1507 564 1584 verbi,
594 1509 632 1570 ad
655 1509 827 1570 donandam
850 1509 942 1570 fidem
958 1508 1075 1571 Christi
1098 1516 1129 1569 et
1149 1508 1238 1570 liher-

310 1596 405 1650 tatem
436 1587 583 1652 fidelium.
624 1592 703 1652 Nam
739 1594 925 1654 etsiverum
953 1599 1017 1670 est,
1046 1610 1105 1652 nos
1129 1610 1237 1652 omues

312 1672 484 1752 aequaliter
513 1674 693 1736 sacerdotes
726 1695 811 1752 esse,
847 1695 909 1738 non
938 1681 1040 1736 tamen
1062 1692 1236 1754 possumus,

311 1775 381 1834 neo,
404 1757 432 1816 si
453 1775 633 1837 possemus,
666 1758 815 1819 dehoms
837 1778 945 1820 omnes
971 1757 1095 1840 publius
1123 1758 1238 1818 servire

311 1845 342 1900 et
370 1837 500 1918 donare3
530 1841 575 1901 sio
594 1841 708 1902 Paulus
732 1846 761 1903 1.
783 1840 920 1903 Corinth.
943 1843 976 1904 4:
1010 1840 1061 1903 Sin
1090 1859 1148 1902 nos
1176 1842 1240 1901 exi·

311 1923 416 1982 sdmat
435 1921 546 1998 homo,
578 1925 658 1984 siout
680 1925 835 1986 ministros
860 1924 969 1986 Christi
993 1931 1025 1984 et
1047 1923 1238 2004 dispensato-

311 2023 360 2065 res
380 2006 595 2085 mysteriorum
617 2008 685 2068 Dei.
1208 2063 1210 2068 .

354 2087 398 2147 At
419 2087 618 2168 dispensatio
638 2091 699 2152 ista
719 2109 802 2150 nuno
823 2092 852 2150 in
875 2097 991 2152 tantam
1014 2104 1160 2170 pompam
1183 2105 1236 2167 po-

311 2171 431 2231 testatis
465 2180 497 2230 et
529 2171 691 2233 terrificam
720 2172 874 2252 quendam
907 2171 1100 2252 tyrannidem
1128 2171 1236 2248 evasit,

310 2259 423 2316 utnon
444 2255 596 2334 gentium,
622 2275 681 2317 neo
713 2256 776 2316 ulla
798 2255 901 2317 mundi
922 2256 1050 2335 imperia
1072 2259 1187 2331 queant
1208 2251 1237 2314 ai
1335 2250 1338 2257 “

312 2336 453 2412 dorseni,
476 2339 563 2416 quasi
583 2338 667 2400 Laiei
688 2339 771 2400 aliud
795 2338 939 2419 quiddam
963 2357 1053 2416 quam
1073 2335 1236 2396 Christiani

312 2420 381 2480 sint.
425 2419 494 2494 Qua
515 2423 716 2502 perversitate
737 2422 851 2483 foetum
873 2428 936 2501 est,
959 2427 993 2482 ut
1013 2419 1237 2501 penitusinter·

311 2501 422 2563 uiderit
441 2503 572 2565 scientis
592 2504 784 2567 Christianae
806 2507 938 2586 gratiae,
970 2503 1059 2580 fidei,
1087 2501 1236 2563 libertatis

313 2591 345 2644 et
365 2580 460 2645 totius
484 2585 614 2666 Christi,
648 2587 836 2649 suoesdente
870 2589 900 2648 in
922 2587 1023 2648 losum
1046 2585 1110 2646 eius
1132 2585 1236 2646 huma·

312 2687 422 2728 nomm
447 2687 574 2748 operum
598 2675 630 2730 et
650 2670 753 2750 legum
770 2670 957 2732 intolerabili
969 2670 1154 2750 eaptivitate‚
1176 2668 1237 2728 fao·

312 2752 397 2830 tique
429 2770 534 2812 sumus
549 2752 575 2825 ¹)
601 2753 688 2813 iuxta
720 2754 957 2815 lamentationes
987 2752 1134 2814 Ieremias
1156 2751 1238 2812 servi

311 2833 470 2894 hominum
486 2835 713 2914 vilissimorum,
734 2838 785 2916 qui
807 2839 838 2897 in
855 2843 934 2898 terra
956 2842 1036 2915 sunt,
1058 2835 1108 2912 qui
1131 2840 1239 2894 nostre

312 2916 437 2976 miseria
448 2916 613 2978 abutuntur
625 2920 656 2979 in
672 2939 780 2980 omnes
795 2918 996 3000 turpitudines
1011 2923 1042 2977 et
1053 2918 1239 2996 ignominias

312 2999 482 3060 voluntatis
504 3020 589 3062 suae.
934 3063 940 3084 s

395 3081 566 3144 Redeundo
589 3085 682 3162 adid,
705 3086 787 3165 quod
811 3085 978 3164 coepimus,
999 3087 1074 3162 puto
1097 3079 1240 3159 perhaao

315 3163 432 3224 olamm
460 3164 543 3243 fieri,
576 3187 638 3229 non
663 3188 733 3230 asse
763 3171 840 3230 satis
868 3186 926 3228 neo
956 3164 1177 3241 Christianum,
1212 3162 1238 3222 si

312 3245 427 3308 Christi
449 3267 553 3328 opera,
576 3251 670 3312 vitam
693 3258 725 3313 st
745 3251 841 3313 verba
854 3249 1066 3330 praedioemus
1089 3245 1236 3306 historieo

313 3348 411 3405 more,
435 3349 490 3390 eeu
511 3352 561 3393 res
585 3334 733 3412 quasdam
752 3341 866 3412 gestas,
889 3353 965 3411 quas
987 3349 1081 3394 nosse
1104 3331 1177 3390 satis
1200 3328 1240 3388 sit

280 3467 285 3480 ,
312 3412 353 3472 ad
386 3415 469 3474 vitae
494 3414 675 3478 formandae
708 3417 903 3497 exemplum,
937 3413 1094 3495 quomodo
1117 3413 1153 3487 ii,
1187 3411 1238 3488 qui

314 3515 398 3556 nuno
419 3498 526 3576 optimi
539 3507 618 3574 sunt,
641 3502 832 3581 praedicant:
857 3499 951 3560 multo
973 3499 1082 3572 minus,
1107 3497 1131 3555 si
1154 3494 1239 3575 peni·

314 3588 363 3638 tus
385 3586 537 3658 taceatur,
566 3589 597 3643 ot
617 3584 703 3666 leges
725 3584 882 3644 hominum
911 3582 1095 3660 deoretaque
1117 3577 1239 3638 Patrum

305 3662 381 3721 ‘viee
404 3663 470 3722 eius
492 3663 670 3730 doceantur.
712 3667 775 3727 Iam
800 3672 870 3726 sunt
898 3685 960 3726 non
984 3663 1089 3743 pauni,
1127 3661 1238 3738 quien

314 3743 416 3806 studio
445 3744 599 3807 Christum
628 3749 809 3829 praedicant
839 3756 869 3810 st
895 3748 1016 3828 legunt,
1057 3750 1089 3804 ut
1110 3741 1239 3804 adsutus

313 3826 466 3888 humanos
488 3838 636 3892 moveant
657 3832 696 3893 ad
719 3830 947 3893 condolendum
971 3828 1108 3904 Christo,
1131 3826 1170 3886 ad
1193 3827 1238 3886 in-

312 3909 507 3990 dignandum¹
524 3911 647 3975 ludaeis
669 3922 700 3975 et
720 3915 752 3975 id
773 3935 872 3996 genus
887 3914 949 3974 alia
970 3911 1100 3992 puerilia
1121 3916 1153 3974 et
1175 3929 1236 3971 mu-

313 3991 419 4054 liebria
441 3994 650 4059 deliramenta.
678 4026 681 4031 ⁴
790 4003 797 4015 ¹

386 4099 419 4170 1)
439 4098 472 4153 ln
491 4099 533 4153 ed.
554 4099 637 4156 1521:
657 4102 753 4152 simus.
