3159 4792
341 513 383 580 28
568 516 612 571 Ad
631 520 837 589 Aegocerotem
853 518 1037 575 Emortuom

342 702 574 785 theologicaris,
609 705 687 765 mire
717 705 798 785 aptis
832 705 985 786 mysteriis
1007 705 1134 778 ludens)
1159 708 1262 765 tantus

341 785 441 846 honos
463 793 511 846 est
531 785 669 863 habitus,
702 790 869 867 superioris
900 789 1008 866 etiam,
1038 790 1113 850 novi
1144 788 1264 849 scilicet

340 868 531 930 Testamenti
542 889 666 931 causam
679 871 775 939 nihilo
793 872 860 932 lore
884 872 1078 933 deteriorem.
1100 871 1262 932 Haecille.

423 951 539 1014 Omitto
562 955 708 1034 ineptiam
721 954 761 1015 de
783 956 1022 1017 moleinferiore
1044 961 1076 1016 et
1093 956 1262 1035 superiore,

340 1037 403 1096 imo
424 1038 631 1116 impietatem,
662 1057 722 1117 qua
756 1045 893 1100 veterem
916 1048 948 1100 et
969 1044 1107 1100 sanctam
1129 1056 1263 1119 synego·

288 1192 292 1201 Δ
340 1138 411 1200 gam
445 1120 576 1181 otiosam
604 1128 635 1181 et
656 1121 834 1182 derelictam
847 1142 946 1183 novus
961 1123 1125 1202 theologus
1139 1121 1262 1200 deliras,

340 1202 457 1281 absque
477 1203 555 1279 hoc,
582 1205 666 1283 quod
694 1206 864 1284 corporalis
897 1207 987 1267 etiam
1024 1206 1107 1266 mola
1136 1205 1264 1265 interior

339 1286 441 1346 otiosa
461 1305 525 1347 non
555 1288 656 1367 possit
689 1285 764 1365 dici,
800 1306 880 1367 quae
911 1290 1104 1370 negotiosius
1134 1294 1182 1349 est
1214 1306 1262 1347 su-

339 1369 476 1447 periore,
513 1372 599 1430 cuius
635 1372 765 1432 sustinet
793 1374 854 1432 vim
882 1378 912 1432 et
932 1373 1095 1452 impetum,
1128 1371 1263 1449 denique

341 1452 424 1512 Deus
446 1452 616 1532 prohibuit,
650 1473 690 1514 ne
719 1454 843 1533 quando
873 1454 971 1515 altera
992 1454 1263 1543 molarumaufer·

339 1540 437 1611 retur,
474 1543 505 1596 et
539 1538 640 1598 otiosa
667 1536 765 1600 fieret.
823 1537 874 1600 Sic
907 1540 988 1599 enim
1012 1539 1114 1600 solent
1134 1538 1261 1598 Ecciani

339 1617 477 1698 theologi
505 1621 536 1680 in
569 1621 665 1681 saone
695 1620 804 1682 ludere
840 1622 952 1700 literis,
985 1621 1058 1682 dum
1093 1622 1174 1683 serio
1207 1640 1261 1681 eas

423 1784 472 1845 Ad
493 1803 557 1846 rem
579 1786 688 1866 ipsam.
730 1786 789 1847 Hic
810 1787 865 1848 tibi
888 1786 1008 1849 videtur
1026 1788 1128 1848 honos
1150 1786 1262 1866 dignus

338 1885 422 1928 noro
444 1868 661 1947 Testamento,
694 1870 720 1929 si
748 1871 850 1949 ipsum
885 1888 1008 1951 quoque
1039 1870 1152 1933 habeat
1174 1878 1261 1929 suum

239 2008 243 2017 ,
339 1950 505 2029 Aaronem,
526 1951 683 2011 hominem
705 1971 829 2031 purum,
852 1954 944 2013 simili
966 1955 1111 2031 vestium,
1133 1952 1261 2031 dierum,

338 2034 582 2094 ceremoniarum
604 2053 721 2113 pompa
742 2035 924 2116 gloriosum.
967 2035 1089 2098 Gratias
1111 2056 1172 2118 ago
1194 2054 1261 2096 ver·

339 2115 446 2177 borum
469 2117 527 2177 Dei
547 2117 707 2196 interpreti
737 2120 924 2181 acutissimo.
975 2119 1058 2201 Ergo
1087 2119 1183 2179 nihilo
1207 2117 1262 2179 dit-

337 2199 416 2259 feret
436 2201 550 2260 veritos
572 2219 591 2259 a
612 2198 726 2281 figure,
750 2203 874 2281 spiritus
896 2222 914 2262 e
934 2202 1039 2281 litera,
1062 2202 1221 2283 plenitudo
1243 2221 1263 2261 a

337 2284 444 2363 signo,
474 2301 534 2343 nec
553 2301 654 2344 novus
677 2284 823 2345 sacerdos
845 2287 1052 2365 praestantior
1074 2286 1193 2346 veteri?
1235 2284 1262 2345 Ο

337 2366 576 2446 ignominiosum
598 2366 749 2427 honorem
779 2369 854 2428 novi
875 2368 1078 2438 Testamenti,
1116 2368 1142 2428 si
1171 2368 1262 2429 simili
1320 2426 1322 2430 ,

337 2448 457 2509 honore
492 2454 641 2527 aequetur
674 2452 779 2516 veteri.
835 2450 989 2528 Quorum,
1029 2470 1161 2532 quaeso,
1201 2450 1263 2511 hoc

337 2550 427 2591 aures
449 2530 568 2591 terent?
589 2532 660 2593 Non
682 2535 836 2613 cogitasti,
859 2536 1028 2597 miserrime
1049 2534 1168 2607 Emser,
1191 2552 1260 2593 oum

336 2613 398 2674 hoc
427 2634 537 2675 munus
565 2614 683 2694 obires,
717 2635 807 2695 quam
840 2618 1014 2698 susciperes
1047 2622 1285 2699 argumentum¹

335 2697 396 2757 tuis
418 2697 532 2759 viribus
554 2698 675 2777 impar?
709 2699 781 2760 Non
811 2720 879 2761 eras
913 2720 1032 2762 memor
1051 2700 1170 2762 Horatii
1202 2700 1261 2761 tui:

339 2780 471 2841 Versate
492 2780 559 2859 diu,
597 2780 669 2860 quid
691 2782 817 2843 valeant
836 2782 969 2862 humeri,
1007 2783 1080 2864 quid
1114 2783 1194 2843 serre
1215 2802 1261 2843 re·

337 2863 467 2923 cuseut?

418 2946 520 3028 Rogo,
532 2947 638 3008 infelix
647 2946 828 3027 canonista,
838 2948 1014 3029 apostolum
1023 2948 1062 3009 ed
1073 2947 1212 3009 Ebraeos
1220 2945 1257 3031 *)

335 3048 398 3090 non
421 3030 545 3111 legisti?
589 3030 621 3092 si
642 3031 760 3112 legisti,
783 3052 837 3093 cur
859 3032 1094 3112 contempsisti?
1138 3030 1171 3091 si
1193 3048 1258 3091 nou

336 3112 447 3193 legisti,
471 3108 899 3193 quidporcusintersancta?
921 3114 1103 3194 Apostolus,
1123 3114 1259 3193 inquam,

335 3195 486 3257 honorem
509 3205 541 3258 et
568 3197 698 3276 gloriam
721 3200 795 3258 novi
816 3197 1006 3259 Testamenti
1036 3197 1259 3278 copiosissimis

336 3285 369 3337 et
399 3279 654 3357 splendidissimis
696 3282 885 3359 argumentis
918 3285 1070 3359 tractans,
1105 3280 1259 3342 Christum

336 3358 431 3419 tilium
461 3361 519 3421 Dei
545 3360 724 3441 pontificem
756 3382 907 3425 summum
930 3363 1001 3426 loeo
1024 3364 1137 3445 veteris
1159 3363 1259 3442 ponti·

335 3441 419 3521 licis,
453 3450 487 3504 ut
513 3444 648 3505 melioris
680 3448 857 3508 testamenti
886 3447 1087 3509 mediatorem
1120 3445 1260 3527 pulcher·
1344 3482 1350 3511 r

334 3526 411 3586 rime
430 3526 551 3607 probat,
574 3546 705 3607 eumque
716 3530 748 3589 in
760 3536 878 3609 sancta,
902 3536 1028 3592 aeterne
1041 3529 1256 3607 redemptione
1306 3597 1321 3614 Ι

335 3610 470 3689 inventa,
492 3629 548 3689 per
568 3613 724 3690 proprium
747 3614 929 3694 sanguinem
950 3614 1112 3675 introiisse.
1143 3612 1259 3673 Vetera

335 3690 389 3752 illa
409 3693 504 3754 inisse
524 3693 724 3773 exemplaria,
745 3695 884 3776 umbras,
906 3697 1066 3777 imagines,
1090 3702 1182 3775 typos
1215 3695 1259 3755 fu.-

336 3776 394 3834 turi
419 3776 574 3855 pontilicis
603 3776 731 3858 Christi,
758 3779 938 3841 revocanda
962 3776 1108 3858 Emsero,
1144 3784 1175 3838 et
1201 3796 1258 3858 pro

336 3858 466 3920 veritate
485 3859 638 3922 habenda.

339 3980 467 3988 ‚—

410 4027 438 4093 ⁸)
457 4028 542 4085 Habr.
562 4032 588 4088 9.
