3159 4792
338 490 401 565 333
647 492 804 567 libum
821 493 856 551 Β·
875 492 958 567 m,
1068 521 1071 525 ⁴

404 683 454 747 21.
475 680 574 745 Recte
596 681 676 743 enirn
700 679 774 745 dicit
790 678 822 745 S.
835 679 1036 761 Augustinus,
1060 680 1173 741 tricet
1194 700 1261 763 sep·

342 770 403 827 tem
427 783 488 826 non
512 764 626 826 debent
647 782 717 825 ecce
739 763 859 839 decem,
881 762 938 823 ced
962 770 1037 823 eunt
1056 762 1179 827 decem.

403 851 452 915 22.
476 846 630 927 Quidquid
659 852 767 909 natura
793 846 866 943 tale·
881 853 945 923 eat,
971 865 1035 909 non
1058 846 1168 925 debet,
1197 848 1261 909 imo

341 939 525 1079 11602132)ῗὲ
544 931 672 1095 nggeelies
669 949 709 1075 pp
714 929 859 1075 bveiiltrfireur
859 930 963 1074 1⁰3in
976 1030 1039 1073 uon
1050 1012 1166 1075 debent
1181 1033 1264 1093 ecce,

342 1097 397 1159 ced
420 1105 491 1159 eunt
512 1099 579 1157 cine
600 1096 670 1178 lege
692 1097 773 1176 inuti,
796 1102 830 1157 ut
850 1116 926 1177 pura
947 1103 1087 1157 creature
1108 1097 1177 1158 Dei.

404 1182 454 1245 24.
477 1179 618 1243 Ceescbit
638 1181 721 1242 euim
748 1189 821 1241 tunc
847 1186 880 1241 et
900 1180 970 1259 ipaa
996 1177 1084 1252 fidea,
1105 1182 1262 1260 reputatio

342 1264 401 1325 Dei
423 1270 454 1326 et
474 1263 615 1325 remissio
636 1270 845 1343 peccatorum,
867 1281 938 1323 cum
959 1263 1106 1324 universo
1127 1262 1264 1344 Spiritus
1392 1305 1393 1354 ,

344 1347 525 1409 ministerio.

404 1430 453 1495 25.
476 1428 585 1509 Neque
605 1435 678 1491 truc
700 1429 834 1511 amplius
857 1428 999 1490 oratioue
1020 1426 1188 1507 dominica,
1211 1425 1265 1490 ne·
1394 1481 1395 1502 ,

340 1532 401 1657 ¹‹pue
423 1511 576 1596 symbolo,
599 1530 700 1592 neque
723 1512 926 1573 sacramentis
949 1522 1085 1588 utemur,
1107 1520 1160 1573 aut
1183 1529 1265 1593 opua

315 1638 321 1649 .
362 1596 531 1671 abebimue.

404 1682 454 1745 26.
475 1678 573 1741 Multo
595 1678 693 1758 magia
714 1678 766 1738 lex
787 1678 857 1758 ipua
878 1676 1012 1739 ceoaabit
1040 1683 1073 1737 et
1098 1676 1265 1738 evucncbi-

341 1769 390 1823 tur
411 1781 479 1823 cum
503 1762 587 1822 omni
600 1762 731 1823 scientie
743 1767 774 1823 et
786 1760 951 1841 prophetia
965 1766 998 1821 et
1014 1766 1081 1821 totu
1093 1759 1262 1841 Scriptura

402 1847 451 1911 27.
473 1844 541 1909 Erit
562 1844 643 1907 enim
653 1844 738 1907 Deua
759 1845 791 1905 iu
815 1842 958 1905 omuibus
982 1844 1097 1921 omnia,
1120 1850 1151 1904 et
1171 1844 1264 1904 mira·

286 1928 296 1937 '
343 1928 412 1994 bilia
434 1930 465 1989 in
487 1928 609 1990 Sanctia
631 1928 845 2007 suinumque
867 1927 1003 2007 perfecte
1024 1945 1102 2006 pura
1122 1934 1157 1987 et
1177 1946 1264 1987 nova

341 2018 480 2073 creatura
503 2011 578 2073 eiua.
760 2018 764 2025 ‘

405 2095 455 2159 28.
476 2094 571 2175 igitur
591 2112 655 2155 uon
676 2093 722 2157 eic
735 2093 887 2173 abrogata
903 2100 952 2154 eet
973 2093 1034 2172 lex,
1056 2098 1089 2153 ut
1110 2092 1187 2152 nihil
1208 2093 1260 2169 cit,

343 2184 396 2238 cut
417 2176 492 2239 nihil
515 2175 684 2239 secuudum
701 2194 770 2237 eam
793 2176 897 2237 iacere
917 2182 1072 2256 oporteat.

405 2262 454 2326 29.
478 2260 539 2323 Sed
561 2258 737 2323 iustificatio
760 2260 839 2340 legia
860 2258 980 2339 impleri
1001 2258 1095 2320 debet
1114 2259 1146 2318 iu
1169 2257 1261 2320 uobis

342 2364 398 2424 per
419 2343 512 2405 fllium
535 2344 603 2420 Dei,
627 2351 659 2405 ut
679 2343 789 2405 Roma.
812 2343 842 2407 8.
865 2342 939 2403 dicit
958 2341 1080 2405 Paulus.

406 2428 456 2493 30.
478 2426 558 2502 Quin
581 2434 613 2489 et
633 2426 694 2487 hoc
720 2424 856 2487 officium
886 2424 996 2501 habet,
1018 2439 1052 2486 ut
1080 2423 1263 2485 testificetur

342 2507 488 2585 iustitium
512 2507 599 2585 fidei,
627 2508 778 2587 simulque
802 2506 961 2587 ostendat,
991 2508 1089 2587 qualia
1120 2514 1262 2569 creatmu

343 2599 415 2653 ente
444 2598 605 2672 peccatum
638 2592 765 2669 fuimus,
803 2599 834 2652 et
869 2597 941 2672 poet
972 2599 1134 2671 peccatum
1169 2591 1261 2651 muri

343 2692 456 2735 eumue.

405 2758 454 2821 31.
478 2754 647 2830 interimi)
677 2755 819 2817 fovemur
856 2757 888 2817 iu
921 2756 1085 2837 einuDei,
1113 2762 1261 2834 mnquum

342 2840 463 2901 initium
484 2845 643 2901 creaturae
655 2858 766 2916 novae,
788 2838 891 2902 donec
910 2838 1106 2921 perficiamur
1119 2840 1151 2900 in
1161 2858 1262 2901 recur-

343 2924 481 2985 rectione
503 2942 523 2983 c
544 2922 682 2985 mortuis.

406 3009 455 3071 32.
479 3006 547 3067 Hoc
567 3006 686 3067 initium
709 3011 812 3067 eutem
834 2982 990 3085 perbona
1012 3024 1117 3086 opera,
1139 3006 1166 3065 ei
1188 3024 1263 3066 vere

343 3091 442 3167 inest,
471 3108 541 3151 eeee
569 3087 720 3165 ostendit,
757 3095 789 3151 et
817 3094 932 3150 certam
962 3088 1037 3151 iacit
1063 3089 1261 3174 vocatiouem

344 3181 492 3235 nostram.

408 3256 458 3320 33.
480 3254 584 3335 Igitur,
606 3256 631 3315 ci
653 3253 795 3315 humenis
816 3254 919 3316 verbis
940 3254 1036 3316 liceat
1056 3254 1177 3331 dicere,
1199 3274 1263 3317 uon

345 3344 415 3401 actu
428 3336 576 3420 perfecto,
598 3336 653 3398 ced
668 3337 811 3417 putentia
822 3338 997 3419 propinque
1011 3338 1082 3398 iueti
1100 3356 1207 3398 eumue
1219 3338 1264 3416 ²).
1330 3358 1334 3362 ·

408 3423 458 3487 34.
481 3420 641 3481 Formctur
663 3421 745 3481 enim
768 3418 907 3481 Christus
937 3420 969 3481 in
991 3421 1081 3482 nobie
1104 3422 1265 3499 continue,

345 3510 455 3568 atnoe
488 3503 655 3565 formemur
688 3502 727 3563 cd
759 3504 927 3583 imaginem
958 3504 1075 3583 ipaiuu,
1108 3502 1181 3564 dnm
1215 3504 1268 3565 hic

344 3606 486 3650 vrvrmua.

407 3673 456 3734 35.
480 3668 581 3745 Quare
603 3669 660 3730 etsi
680 3666 798 3747 ubsque
820 3668 891 3750 lege
919 3675 951 3729 et
978 3667 1095 3749 ubsque
1118 3671 1267 3749 operibus

344 3753 421 3833 legia
443 3750 641 3813 iustificemur
661 3770 715 3832 per
736 3750 840 3829 fidem,
863 3759 968 3813 tanuen
989 3752 1021 3812 iu
1038 3750 1100 3813 flue
1121 3772 1185 3815 non
1199 3755 1268 3817 cine

344 3833 488 3915 operibus
511 3835 651 3897 vivimus.

418 4027 448 4093 1)
469 4026 501 4079 in
520 4027 564 4082 ed.
586 4030 669 4086 1558:
688 4030 804 4085 interea.
841 4027 875 4092 2)
894 4026 928 4085 ln
947 4026 991 4085 e'd.
1010 4029 1097 4088 1558:
1117 4030 1215 4087 aimus.
