3159 4792
577 541 612 596 de
628 543 755 596 libertate
772 541 940 598 diditione.
1150 543 1214 611 243

293 729 408 791 notatio
429 729 559 808 dunen,
591 731 618 790 ei
636 730 719 810 quod
752 731 896 793 antatium
926 732 1077 812 carimde,
1110 734 1135 794 ai
1156 753 1218 814 qua

294 814 428 873 aomina
449 814 587 894 omnine,
624 813 753 895 implete
773 815 918 896 gaudium
938 835 1056 896 meum,
1081 825 1114 877 ut
1135 817 1217 878 idam

293 897 441 978 sapiatis,
475 903 505 956 et
537 897 669 958 eamdem
700 898 858 959 mitatem
887 897 1035 961 habentes
1058 901 1217 961 unanimae

291 978 322 1038 id
344 980 446 1059 ipsum
468 981 652 1057 sentientes,
674 982 750 1042 nihil
771 999 827 1061 per
848 985 1094 1061 contentionem,
1117 1003 1218 1064 neque

292 1062 417 1122 inanem
438 1063 585 1143 gloriam,
619 1063 675 1125 ead
696 1065 727 1126 in
748 1065 922 1126 humilitate
944 1068 1119 1147 superiores
1140 1068 1216 1128 invi-

294 1163 360 1206 uam
384 1145 589 1226 arbitrantes,
622 1165 685 1208 non
709 1167 787 1228 qnae
815 1167 870 1209 sua
892 1157 964 1210 eunt
984 1149 1095 1231 singuli
1119 1152 1218 1212 nonai-

293 1228 448 1308 derantee,
469 1229 525 1290 sed
547 1249 594 1310 aa,
617 1247 697 1311 qnae
718 1232 859 1294 aliorum.

375 1312 435 1372 Hie
448 1312 531 1373 olere
547 1313 697 1393 videmur,
714 1316 809 1376 vitam
816 1314 1060 1377 Christianorum
1079 1315 1118 1375 ab
1132 1315 1215 1395 Apo·

237 1411 244 1424 ·
291 1395 374 1456 'niolo
396 1397 430 1455 in
449 1396 533 1456 bano
551 1398 689 1480 reguiam
701 1417 773 1459 eene
783 1399 928 1480 positam,
949 1404 983 1458 ut
997 1399 1101 1458 omnia
1123 1418 1217 1478 opera

293 1485 400 1540 nonna
414 1479 456 1539 ad
468 1479 597 1540 aliorum
610 1482 862 1543 commoditatem
875 1479 1062 1557 ordinentur,
1081 1500 1148 1540 num
1163 1501 1218 1561 per

294 1560 387 1622 iidem
408 1563 540 1641 quisque
560 1583 645 1624 auam
659 1566 704 1625 aio
713 1564 860 1644 abundet,
875 1569 910 1624 ut
921 1564 1026 1624 omnia
1037 1563 1100 1624 alia
1114 1583 1217 1644 opera,

293 1651 422 1725 totaque
444 1647 507 1706 vita
528 1648 557 1706 ei
572 1647 774 1729 »superfluant
797 1645 906 1728 quibua
927 1649 1069 1726 proximo
1092 1653 1215 1726 aponia-

293 1747 352 1789 nea
374 1727 593 1792 benevolentia
614 1733 728 1792 serviat
749 1738 781 1791 et
801 1730 984 1792 benefaciat.

375 1810 425 1872 Ad
448 1811 508 1872 hoo
520 1813 644 1874 'induoit
664 1814 818 1875 Christum
835 1832 891 1894 pro
913 1812 1072 1892 exemplo,
1095 1811 1215 1873 dianna:

293 1894 363 1955 Hoo
386 1895 499 1955 sentite
519 1896 550 1955 in
572 1896 671 1975 vobis,
692 1897 777 1977 quod
799 1903 830 1958 et
848 1898 879 1958 in
903 1895 1024 1957 Christo
1045 1895 1134 1972 Jesu,
1157 1897 1218 1974 qui,

295 1996 363 2037 oum
382 1978 417 2036 iu
438 1977 607 2040 formeDei
631 1987 723 2058 eeeet,
744 2000 808 2042 non
822 1981 960 2060 rapinam
974 1979 1136 2040 arbitratus
1161 1985 1217 2054 eat,

293 2079 363 2121 enee
385 2081 419 2122 ee
441 2063 604 2141 aequalem
616 2063 695 2142 Deo,
720 2064 776 2124 ead
797 2064 967 2124 exinanivit
986 2068 1087 2122 semet
1108 2063 1217 2142 ipsum,

291 2144 421 2205 formam
445 2146 524 2204 nervi
552 2148 708 2227 aooipiene
740 2148 771 2207 in
795 2145 1024 2208 similitudinem
1059 2145 1216 2205 hominum

292 2227 406 2307 iaetus,
429 2234 460 2288 et
479 2227 584 2289 habitu
603 2230 747 2291 inventus
768 2237 803 2291 ut
824 2230 936 2307 bomo,
957 2229 1055 2289 fautus
1078 2235 1125 2289 est
1147 2229 1218 2288 obe-

292 2309 379 2371 diens
406 2329 504 2391 neque
531 2312 571 2372 ad
603 2320 744 2376 mortem.
786 2313 856 2374 Hoo
877 2314 957 2374 enim
988 2310 1112 2372 verbum
1135 2312 1217 2390 Apo-

291 2393 364 2454 etoii
385 2393 616 2456 saluberrimum
640 2396 730 2459 nobie
761 2395 964 2458 obscurarunt
983 2395 1025 2478 ii,
1054 2396 1106 2474 qui
1126 2413 1217 2454 voea-

291 2476 363 2538 bula
375 2478 560 2558 apostoliea,
580 2479 709 2541 formam
724 2480 793 2559 Dei,
815 2480 945 2540 formam
957 2478 1048 2556 servi,
1070 2477 1217 2554 habitum,

293 2559 525 2621 similitudinem
547 2562 721 2643 hominum,
754 2581 883 2644 prorsus
905 2580 968 2622 non
990 2560 1216 2638 intellexerunt,

291 2651 323 2703 et
339 2642 380 2703 ad
402 2652 527 2706 naturae
542 2644 708 2708 divinitatis
725 2655 758 2708 et
770 2645 967 2707 humanitatis
989 2645 1217 2724 transtulerunt,

291 2745 360 2786 oum
376 2727 490 2788 P-aulue
509 2729 541 2790 id
561 2729 821 2809 velitChrietum,
844 2749 913 2790 oum
933 2735 1017 2788 earet
1029 2728 1138 2808 plenua
1153 2728 1217 2789 ¹for-

291 2829 341 2870 na
360 2810 438 2888 Dei,
469 2817 502 2871 et
523 2813 664 2874 omnibus
693 2813 784 2876 bonia
807 2812 981 2888 abundans,
1013 2812 1057 2870 ita
1079 2820 1111 2871 ut
1133 2812 1217 2871 nullo

291 2911 396 2974 opere,
417 2894 503 2955 nulla
524 2897 670 2976 passione
690 2897 866 2978 indiguerit,
889 2904 922 2954 ut
941 2896 1038 2953 inatus
1061 2901 1093 2954 et
1114 2895 1216 2954 salvae

289 2975 386 3040 fleret.
430 2977 572 3043 Habebat
599 2981 679 3041 enim
711 2981 790 3040 haeo
812 2981 916 3040 omnia
943 2976 1045 3038 statim
1068 2975 1106 3036 ab
1128 2978 1216 3037 initio

290 3061 346 3120 mi.
389 3059 461 3120 Non
482 3068 586 3124 tamen
607 3065 644 3124 iia
666 3061 853 3138 inflabatur,
883 3077 941 3121 neo
963 3077 1054 3139 super
1075 3077 1133 3119 noe
1156 3059 1215 3120 ele-

292 3142 440 3222 vabatur,
470 3151 502 3205 et
523 3145 677 3225 quandam
699 3147 873 3229 potentiam
895 3161 988 3224 super
1010 3141 1147 3203 nonsibi
1171 3161 1215 3202 ar·

290 3225 434 3308 rogabat,
472 3227 546 3289 lioet
573 3228 604 3290 id
632 3230 699 3291 iure
727 3230 889 3316 potuisset.
934 3225 994 3288 Sed
1030 3233 1139 3287 eontra
1173 3227 1218 3285 eia

291 3311 353 3390 egit
375 3309 538 3389 laborans,
561 3331 703 3394 operans,
726 3315 864 3393 patiens,
886 3310 1032 3389 moriens,
1054 3314 1089 3369 ut
1109 3310 1216 3370 similia

290 3397 373 3454 eeeet
395 3395 702 3478 oeteriebominibue,
724 3403 756 3457 et
771 3395 876 3457 habitu
899 3401 931 3454 et
942 3399 1034 3474 ¹gestu
1050 3411 1113 3454 non
1135 3391 1217 3453 aliud

290 3494 382 3554 quam
403 3475 516 3555 bomo,
539 3481 627 3558 quasi
648 3481 686 3540 iis
709 3479 850 3540 omnibus
874 3484 995 3560 egeret,
1018 3482 1049 3536 et
1069 3477 1144 3536 nibil
1166 3476 1217 3535 ha

289 3558 376 3620 beret
397 3558 563 3621 formarum
584 3561 651 3640 Dei,
674 3562 758 3642 quod
772 3569 877 3622 tamen
892 3567 988 3622 totum
1012 3567 1139 3640 propter
1160 3578 1217 3618 noa

288 3641 370 3721 feeit,
393 3648 428 3702 ut
439 3643 529 3704 nobie
541 3647 680 3725 serviret,
703 3654 735 3707 et
746 3651 854 3706 nostra
871 3643 981 3705 tierent
1001 3643 1115 3720 omnia,
1139 3660 1218 3720 quae

288 3725 348 3787 heo
368 3726 469 3787 forma
490 3729 571 3788 nervi
594 3736 783 3810 operaretur.

370 3809 418 3869 lta
449 3810 654 3891 Christianus,
700 3809 962 3893 quemadmodum
999 3813 1092 3888 eaput
1129 3827 1216 3868 auum

289 3891 444 3971 Christus,
465 3894 635 3973 perfidem
658 3914 746 3956 auam
768 3895 878 3975 plenus
901 3900 933 3953 at
954 3897 1053 3968 eatur,
1091 3898 1217 3952 eonten-

288 3982 336 4035 tua
356 3995 433 4037 enee
443 3975 543 4038 debet
575 3979 634 4039 heo
654 3977 755 4040 forma
776 3977 850 4056 Dei,
884 3973 1054 4056 perfidem
1078 3975 1216 4052 obtenta,

286 4060 346 4121 niei
367 4058 462 4139 quod,
483 4068 517 4121 ut
539 4061 613 4142 dixi,
635 4062 736 4143 ipsam
757 4060 839 4120 hano
861 4059 957 4204 tidem1
961 4076 1089 4206 6tangere
1111 4056 1215 4135 debet,
