3159 4792
371 503 436 573 240
688 508 834 563 urnam
853 507 964 564 {ausen

374 701 477 754 autem
500 694 567 754 eiua
588 693 794 776 abnegantes,
816 713 939 775 semper
960 695 1132 774 discentes,
1168 703 1200 756 et
1222 713 1298 756 uuu-

373 796 466 857 quam
489 776 529 837 ad
553 779 711 838 seientiam
735 779 870 840 veritatis
893 780 1117 858 pervenientes.

456 858 515 934 Qui
537 879 612 940 ergo
634 879 703 920 cum
734 863 799 922 istis
822 863 922 923 caecis
945 879 1007 922 non
1030 861 1163 922 voluerit
1184 877 1298 934 errare,

373 949 512 1024 oportet,
542 952 575 1003 ut
596 943 721 1004 ulterius
744 944 913 1025 prospiciat
933 963 1024 1024 quam
1046 946 1077 1004 in
1100 961 1197 1024 opera
1220 941 1299 1022 legis

373 1035 426 1086 aut
447 1025 603 1086 doctrinas
617 1045 760 1107 operum,
788 1029 852 1088 imo
866 1047 976 1088 averso
994 1027 1033 1087 ab
1047 1027 1191 1106 operibus
1198 1027 1299 1086 intutu

373 1109 696 1190 personaminspicist,
709 1117 740 1171 et
750 1112 936 1190 quaratious
949 1111 1003 1170 iila
1015 1109 1208 1186 iustificetur,
1218 1127 1299 1186 quae

373 1211 437 1252 uon
459 1191 603 1270 operibus
626 1211 727 1272 neque
747 1194 877 1273 legibus,
900 1193 956 1254 sed
978 1193 1072 1254 verbo
1085 1193 1142 1254 Dei
1167 1191 1217 1274 (id
1243 1199 1299 1268 est,

374 1277 581 1355 promissione
602 1276 721 1355 gratiae
741 1275 834 1358 suae)
859 1285 890 1338 et
910 1275 971 1336 fide
992 1275 1173 1336 iustificetur
1195 1284 1228 1336 et
1242 1275 1299 1334 sai-

373 1366 470 1434 vatur,
492 1366 526 1417 ut
549 1364 610 1418 stet
628 1358 729 1438 gioria
740 1361 891 1420 maiestati
903 1359 1034 1436 divinae,
1058 1378 1137 1438 quae
1158 1377 1218 1420 nos
1236 1376 1298 1417 non

373 1460 414 1505 ex
436 1441 579 1520 operibus
600 1443 744 1519 iustitiae,
766 1461 845 1520 quae
868 1443 995 1502 fecimus
1017 1461 1090 1521 nos,
1113 1441 1168 1502 sed
1190 1459 1298 1502 secuu-

373 1523 448 1590 dum'
475 1523 714 1584 misericordiam
743 1543 830 1584 suam
854 1526 1054 1604 perverbum
1077 1527 1194 1606 gratiae
1223 1543 1298 1584 suae
1402 1603 1403 1610 ἵ

377 1606 482 1668 salvos
504 1607 577 1668 fecit
598 1607 769 1671 credentes.

456 1689 558 1750 Facile
580 1709 620 1750 ex
636 1691 684 1750 his
698 1693 825 1770 cognitu
838 1698 893 1767 est,
916 1709 977 1769 qua
988 1694 1108 1752 ratione
1129 1693 1191 1752 sint
1203 1709 1299 1771 opera

336 1815 340 1820 -
375 1771 458 1834 bona
485 1773 653 1834 reiicienda
674 1781 728 1834 aut
749 1773 975 1854 ampiectenda,
997 1781 1027 1834 et
1048 1792 1108 1852 qua
1121 1774 1226 1854 reguis
1250 1775 1299 1832 in-

375 1855 564 1935 telligendae
587 1857 648 1916 sint
669 1859 806 1918 omnium
827 1856 986 1918 doctrinae
1013 1855 1052 1916 de
1080 1857 1225 1936 operibus
1248 1855 1297 1916 da·

377 1945 438 1998 tae.
480 1938 513 1998 si
545 1940 626 1998 enim
651 1958 747 2018 opere
770 1948 987 2018 comparentur
1009 1939 1050 2002 ad
1070 1940 1234 2009 iustitiam,
1268 1947 1299 1998 et

372 2039 519 2100 perverso
541 2021 710 2082 Leviethaa
737 2041 836 2101 eaque
873 2021 952 2083 falsa
981 2024 1183 2102 persuasione
1211 2021 1296 2099 flant,
1402 2043 1403 2086 1

373 2111 408 2163 ut
428 2123 485 2184 per
505 2104 576 2183 ipsa
596 2104 752 2166 iustificari
775 2124 968 2184 praesumas,
996 2107 1056 2166 iam
1079 2106 1295 2166 necessitatem
1402 2119 1403 2182 i

374 2189 547 2266 imponunt,
569 2196 601 2248 et
615 2187 784 2250 libertatem
803 2206 872 2248 cum
887 2187 949 2248 fide
963 2190 1170 2269 exstinguunt,
1191 2196 1226 2248 et
1237 2189 1298 2248 hoc

373 2270 443 2349 ipso
465 2269 677 2332 additamento
701 2271 783 2332 bona
804 2273 864 2332 iam
887 2290 950 2332 non
964 2279 1035 2332 sunt
1056 2289 1190 2350 vereque
1213 2269 1296 2332 dam·

375 2353 499 2415 nobilia.
541 2353 650 2416 Libera
672 2356 753 2414 enim
775 2373 839 2414 non
862 2356 1115 2435 suntetgratiam
1134 2353 1192 2414 Dei
1217 2353 1294 2416 bias-
1402 2395 1403 2404 η

374 2436 538 2516 phemant,
574 2439 659 2497 cuius
681 2437 776 2497 soiius
808 2446 856 2496 est
876 2457 932 2517 per
952 2436 1043 2498 iidem
1076 2436 1242 2500 iustificare
1266 2445 1297 2498 et

375 2517 512 2597 salvare,
535 2519 618 2597 quod
641 2538 735 2599 opera
757 2537 821 2580 non
843 2522 983 2599 potentia
1003 2530 1177 2601 praestare,
1198 2522 1295 2600 impia

375 2610 477 2661 tamen
500 2604 769 2682 praesumptione,
787 2622 844 2682 per
866 2610 1000 2664 nostram
1023 2604 1104 2664 banc
1125 2604 1296 2682 stultitiam,
1402 2607 1403 2618 ¹

375 2683 530 2763 affectant,
552 2703 590 2745 ac
610 2686 655 2745 sic
675 2687 706 2746 iu
728 2685 864 2748 officium
886 2689 1002 2768 gratiae
1025 2695 1056 2748 et
1076 2687 1207 2767 gloriam
1231 2689 1296 2750 eius
1402 2751 1403 2754 ,

375 2767 526 2828 violenter
545 2769 672 2830 irruunt.
1402 2779 1403 2792 ¹

456 2850 527 2912 Nou
548 2870 623 2932 ergo
652 2871 749 2931 opera
770 2850 854 2912 bona
875 2854 1042 2932 reiicimus,
1074 2856 1137 2916 imo
1162 2857 1297 2916 maxime

374 2934 587 3014 amplectimur
615 2942 649 2995 et
668 2934 826 2996 docemus.
868 2935 938 2996 Non
960 2938 1040 2996 enim
1068 2945 1195 3017 propter
1213 2940 1297 3018 ipsa,

375 3015 430 3077 aad
444 3025 571 3098 propter
586 3019 717 3108 impium¹
727 3018 788 3078 hoc
800 3017 1052 3096 additamentum,
1076 3027 1107 3080 et
1118 3040 1296 3100 perversam

376 3101 554 3180 opinionem
578 3100 773 3180 quaerendae
789 3102 932 3180 iustitiae,
955 3121 993 3164 ea
1014 3103 1203 3166 damnamus.
1228 3103 1298 3178 Qua

375 3182 428 3261 flt,
460 3191 493 3244 ut
529 3184 628 3244 solum
649 3186 681 3244 in
710 3186 815 3264 specie
837 3193 1007 3266 appareant
1027 3184 1124 3264 bona,
1158 3205 1296 3250 sumre

375 3285 449 3326 vera
471 3265 555 3326 bona
577 3286 638 3329 nou
661 3268 731 3348 sint,
744 3266 866 3346 xquibus
886 3269 1032 3330 falluntur
1054 3269 1212 3348 etfaliuut,
1238 3289 1296 3332 ceu

374 3348 439 3430 lupi
459 3369 588 3428 rapaces
610 3350 666 3410 sub
687 3353 880 3412 vestimentis
903 3353 1016 3413 ovium.

459 3432 517 3493 Hic
553 3441 655 3494 autem
687 3433 854 3494 Leviathan
887 3442 919 3496 et
949 3447 1099 3516 perversa*
1124 3439 1230 3517 opinio
1265 3440 1297 3498 iu

375 3515 519 3596 operibus
541 3516 755 3596 insuperabilis
783 3525 846 3594 est,
884 3518 935 3578 ubi
956 3519 1045 3580 deest
1065 3520 1187 3580 sincera
1208 3519 1297 3585 fides.

374 3599 496 3663 Abesse
534 3602 615 3660 euim
651 3619 713 3660 non
736 3607 840 3679 potest
866 3621 885 3662 a
907 3603 1022 3662 sanctis
1054 3601 1114 3662 illis
1138 3605 1297 3683 operariis,

376 3682 477 3744 donec
498 3682 575 3743 fides
598 3685 745 3743 vastatrix
759 3685 824 3744 eius
839 3687 944 3747 veniat
965 3693 997 3746 et
1007 3693 1116 3764 regnet
1136 3687 1166 3746 in
1190 3687 1295 3750 corde.

374 3765 492 3828 Natura
518 3785 574 3846 per
608 3786 642 3826 se
670 3767 768 3846 ipsam
803 3787 864 3828 non
893 3775 997 3849 potest
1025 3788 1093 3831 earn
1128 3770 1296 3851 expellere,

374 3849 437 3908 imo
460 3869 501 3909 ue
522 3868 713 3930 cognoscere
736 3849 876 3929 quidem,
916 3852 990 3930 quin
1018 3869 1086 3913 eam
1116 3851 1201 3912 ducit
1222 3853 1295 3915 loco

375 3933 587 3993 sanctissimae
609 3932 787 3994 voluntatis.
830 3933 889 3995 Ubi
919 3936 944 3995 si
973 3935 1165 3996 consuetudo
1193 3955 1298 3997 acces·

375 4015 458 4094 serit,
480 4023 512 4076 et
531 4017 612 4079 banc
632 4024 760 4078 naturae
782 4020 965 4097 pravitatem
982 4019 1176 4088 roboraverit
1189 4022 1298 4102 (sicuti
1402 4023 1403 4036 ¹
