3159 4792
545 517 580 573 de
598 518 722 589 digamia
739 522 942 589 episcoporum.
1141 519 1204 587 369

303 703 355 766 77.
378 700 491 763 Errant
509 702 617 785 igitur,
647 705 698 784 qui
719 704 885 785 digamiam
907 724 927 765 a
948 703 1043 765 Paulo
1065 705 1203 769 damnari

282 784 314 843 in
336 785 493 865 episcopis
513 786 662 848 hocloco
683 790 827 850 sentiunt.

304 869 354 933 78.
376 868 433 928 Rei
455 887 579 949 quoqne
600 877 672 931 sunt
693 870 904 952 blasphemiae
934 878 966 931 et
997 871 1028 930 in
1051 889 1128 952 opus
1146 872 1203 931 Dei

284 957 316 1009 et
336 951 369 1009 in
391 950 515 1013 verbum
539 953 638 1032 Pauli,
672 953 757 1033 quod
778 953 943 1035 digamiam
971 956 1051 1015 inter
1077 956 1204 1017 crimina

283 1041 421 1095 censent.

303 1118 355 1180 79.
378 1116 474 1178 Multo
502 1117 622 1181 foedius
653 1127 770 1197 errant,
808 1120 860 1199 qui
891 1119 1053 1181 honestam
1080 1119 1202 1181 viduam

283 1200 434 1280 episeopo
458 1219 584 1261 uxorem
608 1201 804 1282 prohiberis
826 1202 922 1263 Paulo
947 1201 1069 1269 docent.

304 1283 355 1345 80.
380 1281 477 1359 Quin,
506 1284 532 1343 si
553 1284 1110 1373 scortatoremwepiscopumiaciunt,
1141 1306 1203 1347 non

284 1364 392 1442 video,
426 1383 479 1425 our
510 1375 644 1428 scortum
679 1375 751 1449 post
780 1369 1003 1448 poenitentiam
1035 1369 1204 1430 membrum

284 1447 400 1509 Christi
421 1449 535 1509 factum
558 1469 685 1511 uxorem
708 1453 846 1532 episcopi
869 1450 936 1512 fieri
957 1451 1065 1515 nolint.

304 1534 354 1596 81.
378 1531 446 1612 Ego
469 1551 527 1592 nec
548 1543 722 1614 corruptam
745 1534 908 1614 prohibere
928 1537 1026 1595 ausim
1045 1535 1204 1615 episcopo,

284 1616 309 1673 si
333 1616 363 1673 vi
385 1607 531 1676 autNiolo
555 1624 708 1697 corrupta,
730 1629 802 1698 post
818 1617 949 1678 honesta
970 1619 1088 1681 vixerit.

303 1696 502 1773 82.·Quanto
526 1700 692 1779 iniquiores
713 1708 785 1760 sunt
804 1700 958 1780 Papistae,
981 1701 1116 1762 omnium
1138 1700 1203 1763 libi·

284 1779 391 1840 dinum
414 1780 518 1842 lernae
549 1789 581 1843 et
601 1784 754 1861 sentinae,
778 1785 952 1846 reiicientss
975 1804 1059 1865 aum,
1089 1785 1141 1864 qui
1161 1786 1204 1863 ig-

284 1882 377 1923 narus
399 1864 536 1925 vitiatam
558 1867 707 1947 virginem
730 1865 862 1930 duxemt

303 1949 355 2010 83.
378 1947 454 2007 Cum
476 1949 596 2009 interim
619 1948 702 2010 mille
729 1957 901 2011 scortorum
916 1951 946 2025 1)
983 1951 1079 2011 virum
1111 1951 1204 2011 susci-

284 2031 381 2109 piant,
405 2038 436 2090 et
457 2030 612 2111 pubiicum
634 2039 836 2095 scortatorem
858 2035 890 2093 in
913 2033 1015 2095 officio
1040 2036 1130 2095 etiam
1154 2033 1203 2095 de-

282 2112 421 2174 tendant

303 2197 355 2261 84.
377 2194 512 2257 Ενίἀθηε
527 2199 667 2277 operatio
681 2204 809 2259 satanae
820 2206 876 2277 est,
899 2198 992 2278 quod,
1010 2217 1079 2261 oum
1097 2218 1204 2261 omnes

283 2278 473 2339 alias⁴dotes
495 2281 526 2338 in
550 2281 704 2361 episcopis
725 2283 899 2363 negligant,
932 2283 1031 2343 solum
1055 2285 1203 2344 eastitatis

283 2362 428 2441 laqueum
451 2365 611 2443 tyrannice
633 2372 751 2446 urgent.

305 2446 357 2511 85.
378 2446 479 2526 Atque
505 2446 583 2507 haec
604 2452 652 2509 est
671 2443 726 2509 illa
746 2448 862 2529 gloria,
899 2466 991 2529 quam
1012 2447 1205 2509 adversarius

284 2528 395 2604 iactat,
431 2529 514 2609 quod
535 2530 678 2609 Papistae
709 2550 866 2611 nunquam
895 2552 964 2593 cum
993 2532 1122 2615 digamis
1145 2531 1203 2593 dis-

286 2631 418 2692 pensare
444 2614 606 2674 voluerunt
627 2632 683 2695 pro
696 2616 837 2696 pecunia,
859 2616 931 2677 licet
948 2617 1008 2677 sint
1024 2617 1204 2677 avarissimi.

305 2696 357 2760 86.
381 2694 527 2757 Eiusdem
550 2697 669 2778 gloriae
696 2705 728 2759 et
748 2698 875 2779 pudoris
896 2706 995 2777 esset,
1023 2701 1050 2760 si
1071 2698 1204 2761 diceres:

287 2778 445 2859 Papistaet
476 2798 544 2839 cum
575 2790 721 2861 superent
747 2780 874 2843 libidine
896 2781 1064 2843 Sodomam
1093 2791 1125 2843 et
1144 2782 1205 2843 Ro·

286 2881 385 2938 mam,
411 2881 566 2941 nonquam
588 2871 691 2927 minen
718 2865 750 2924 in
779 2872 897 2925 castam
918 2866 1028 2926 saltem
1058 2884 1203 2945 monoga-

179 2947 183 2960 '
286 2945 378 3005 miam
401 2946 540 3025 episcopi
560 2949 763 3011 consentiunt.

304 3029 356 3092 87.
377 3026 418 3088 Et
446 3028 582 3090 Phalaris
610 3048 680 3091 oum
708 3030 877 3108 detestetur
903 3049 1026 3091 omnem
1060 3030 1203 3091 virtutem

286 3118 317 3172 et
335 3110 542 3191 honestatem,
562 3132 719 3194 nunquam
741 3121 844 3175 tamen
868 3112 1007 3193 flectitur,
1029 3120 1063 3174 ut
1085 3113 1204 3176 miseris

286 3195 454 3255 cruciatum
475 3198 619 3257 remittat.
1064 3248 1068 3257 ,

304 3278 356 3342 88.
379 3277 474 3353 Quasi
494 3298 557 3341 non
588 3281 628 3341 sit
647 3278 838 3360 impudentia
869 3281 1060 3361 turpissima,
1094 3300 1113 3343 a
1144 3289 1204 3345 tur-

285 3361 420 3441 pissimis
441 3362 606 3442 impiorum
634 3361 792 3424 hominum
815 3364 950 3427 moribus
980 3364 1126 3446 dogmata
1148 3386 1203 3446 pro

285 3443 419 3504 ecclesia
442 3444 501 3505 Dei
521 3446 650 3513 trahere.
1290 3448 1297 3457 ⁴

304 3527 356 3591 89.
379 3526 498 3591 Eadem
531 3529 693 3609 prudentia
723 3548 779 3609 pro
811 3531 1000 3594 instituenda
1035 3532 1152 3612 virgine
1186 3552 1204 3593 a

285 3609 359 3690 lupa
381 3617 412 3670 et
432 3610 504 3671 lena
527 3630 628 3674 mores
650 3619 682 3673 et
702 3613 847 3694 exempla
869 3622 974 3692 petere
997 3614 1120 3677 doceas.

304 3696 356 3759 90.
379 3694 443 3753 Aut
463 3694 694 3757 adolescentem
725 3695 764 3755 ad
785 3698 928 3757 virtutem
951 3704 982 3759 et
1009 3698 1203 3761 honestatem

284 3775 428 3853 horteris,
448 3776 598 3839 Absalom
619 3784 651 3839 et
670 3776 803 3839 Neronis
826 3780 979 3860 exemplo.

306 3861 356 3925 91.
378 3859 459 3921 Hinc
480 3869 596 3923 eertum
623 3861 673 3941 fit,
704 3862 830 3923 istarum
860 3864 1107 3945 propositionum
1135 3866 1205 3927 arti-

358 4056 390 4121 1)
412 4054 443 4108 in
461 4054 504 4110 ed.
524 4056 608 4113 1558:
628 4061 824 4111 scortatorum.

315 4161 408 4204 amau
421 4172 473 4213 opp.
490 4164 516 4206 v.
532 4162 560 4205 a
574 4162 603 4204 aa
616 4162 657 4206 roc
670 4162 720 4205 ua
734 4164 749 4204 u
762 4173 785 4214 a
798 4161 848 4206 vor.
861 4161 899 4203 ιν.
992 4142 1034 4209 24
