3159 4792
323 513 387 584 190
587 519 747 590 Responsio
762 517 799 576 D.
818 517 854 574 ll:
874 518 984 575 Lntharl

324 707 357 762 et
377 702 577 763 materialiter
596 702 860 784 supponentibus,
892 695 1064 785 ampliatis,
1093 703 1253 778 restrictis,

325 785 500 866 appelletis,
522 787 671 866 expositis
695 795 725 847 et
746 788 901 850 resolutis.

278 895 294 930 κ
405 867 497 930 Absit
516 888 535 928 a
556 887 619 948 me,
648 876 809 931 uteorum
832 871 1064 932 damnationem
1087 867 1137 929 vel
1159 866 1253 928 flocci

321 951 450 1029 luciam,
487 953 593 1031 utqui
632 971 694 1013 non
718 954 815 1014 semel
852 961 914 1014 tam
937 954 1112 1034 pertinaces
1133 951 1253 1012 inventi

322 1040 411 1112 sunt,
443 1033 618 1113 publiciqne
652 1035 756 1096 hostes
779 1038 915 1098 veritatis
949 1044 980 1097 et
1006 1036 1126 1097 innoxii
1152 1031 1253 1096 libelli

260 1187 264 1194 ι
322 1123 493 1176 exustores.
537 1117 678 1197 Denique
687 1121 869 1199 praevaluit,
893 1127 926 1180 nt
938 1139 994 1200 per
1006 1117 1251 1179 misericordiam

320 1200 378 1259 Dei
401 1205 469 1260 orta
489 1199 559 1261 luce
575 1203 729 1280 veritatis,
762 1201 945 1284 ludaeisque
968 1201 1116 1280 dimissis,
1140 1219 1252 1281 accep-

321 1283 422 1362 tisque
443 1283 610 1364 gentibus,
636 1284 746 1365 vulgus
770 1287 902 1364 civium,
933 1283 1098 1362 artificum,
1132 1290 1163 1344 et
1185 1302 1251 1363 quo

321 1365 467 1444 quisunt
494 1367 790 1448 allagistrorum1)
814 1371 940 1429 istorum
970 1367 1077 1430 studiis
1103 1367 1251 1427 remotio·
1282 1426 1284 1430 ,

320 1464 380 1526 rea,
402 1451 514 1508 rectius
527 1455 558 1510 et
570 1452 681 1511 certius
696 1450 735 1512 de
747 1451 964 1512 Christianare
982 1450 1131 1532 judicent,
1154 1467 1248 1530 quam

319 1531 460 1612 theologi
482 1533 670 1593 doctrinales
693 1533 900 1613 damnatores,
924 1533 1123 1613 diviserltque
1143 1533 1253 1594 Domi·

320 1633 378 1674 nus
401 1616 522 1693 iterum,
538 1623 655 1677 utnon
671 1636 713 1697 po
737 1618 805 1677 ulus
828 1617 960 1698 populus
974 1619 1023 1696 sit,
1046 1616 1140 1677 Israel
1155 1616 1252 1676 lsrael

320 1715 384 1758 non
406 1699 455 1776 sit,
477 1719 539 1760 non
553 1699 693 1780 theologi
704 1636 844 1781 tiieol'ogi
863 1698 936 1780 sint,
960 1697 1123 1781 pontifices
1146 1700 1251 1780 ponti·

319 1779 393 1840 lices
404 1800 466 1842 non
476 1783 545 1859 sint,
567 1782 709 1862 sinatque
725 1783 795 1844 illos
809 1786 934 1845 nomine
946 1781 1047 1844 inflari
1069 1783 1251 1859 vanissimo,

319 1862 377 1924 hos
390 1870 424 1924 re
433 1864 569 1944 gaudere
585 1865 773 1944 plenissima.
797 1867 899 1946 Atque
920 1867 963 1928 lta
974 1865 1114 1926 videmus
1126 1864 1191 1926 fieri
1208 1865 1250 1926 ed

319 1945 452 2030 oculum,
476 1949 539 2007 imo
563 1953 594 2008 et
616 1947 655 2008 ad
678 1952 804 2029 tectum,
825 1967 885 2010 nec
906 1956 1010 2012 tamen
1025 1948 1126 2009 adhuc
1147 1947 1249 2008 Deum

317 2029 427 2090 timent
446 2029 564 2091 ferreae
585 2031 712 2091 cervicis
734 2037 766 2092 et
786 2048 897 2093 aereae
918 2031 1026 2094 frontis
1036 2032 1172 2114 Magistri
1190 2051 1232 2092 no

318 2113 371 2171 stri
394 2114 507 2193 eximii,
531 2114 662 2194 populus
697 2115 878 2175 miserabilis
907 2121 937 2176 et
963 2115 1096 2176 lacrimis
1119 2113 1253 2196 dignus?

400 2195 517 2257 Omitto
540 2196 590 2256 hic
615 2194 807 2276 Vuessalum,
825 2197 954 2260 Fabrum
968 2198 1194 2278 scapulensem,
1218 2205 1253 2259 et

318 2280 444 2341 arietem
466 2280 550 2341 illum
573 2280 751 2341 haerentem
775 2283 920 2342 cornibus
942 2284 973 2342 in
995 2281 1139 2362 vepribus
1159 2279 1252 2342 Eras-

319 2382 418 2441 mum,
445 2370 477 2423 et
497 2363 616 2424 multos
633 2372 757 2444 praeter
777 2365 835 2425 hos
859 2365 947 2428 alios.
991 2363 1071 2440 Quid
1093 2365 1175 2424 enim
1197 2382 1248 2423 us-

319 2465 410 2525 quam
433 2457 538 2507 natum
578 2452 626 2506 est
645 2449 831 2527 praestantis
859 2449 977 2530 ingenii
998 2455 1030 2508 et
1052 2447 1245 2524 eruditionis,

318 2529 401 2608 quod
422 2547 486 2588 non
509 2530 610 2588 statim
634 2530 673 2589 alt
695 2532 823 2610 petitum
845 2532 965 2612 ignavis
987 2532 1054 2592 istis
1076 2529 1164 2608 lucis,
1189 2533 1246 2590 sic

318 2619 351 2672 ut
372 2613 516 2690 scriptum
540 2618 602 2671 est:
624 2611 785 2673 Escaeius
809 2613 918 2676 electa.
963 2613 1037 2675 Item
1062 2613 1100 2674 de
1132 2612 1245 2674 eodem

216 2744 222 2753 .
317 2694 500 2772 Beliemoth,
522 2694 577 2755 lob
598 2697 652 2757 41:
681 2695 771 2756 Oculi
794 2698 857 2760 eius
880 2698 959 2757 sicut
979 2697 1147 2777 palpebrae
1171 2691 1246 2757 dilu·

317 2779 388 2858 culi,
410 2795 503 2837 omne
524 2776 653 2839 sublime
674 2778 775 2858 videt3
818 2787 849 2840 et
868 2779 943 2841 illud
957 2779 1130 2843 Proverbii:
1159 2777 1246 2842 Sum·

319 2879 374 2921 me·
388 2862 466 2941 petit
487 2861 576 2925 livor.
624 2923 626 2927 ,

401 2946 471 3006 lam
493 2945 601 3005 lustret
621 2945 778 3028 historias,
810 2947 861 3026 qui
883 2945 983 3023 volet,
1006 2953 1038 3006 et
1058 2946 1185 3022 referat,
1219 2946 1245 3006 si

316 3033 437 3109 potest,
460 3047 529 3088 essa
551 3047 645 3088 unum
667 3028 834 3108 aliquando
856 3030 923 3090 istis
944 3029 1098 3110 Magistris
1120 3047 1245 3109 supera·

315 3119 380 3171 tum
405 3128 462 3192 per
488 3130 574 3172 arma
595 3112 652 3172 Dei
697 3119 728 3172 et
766 3111 937 3173 doctrinam
972 3131 1095 3192 sanam,
1133 3111 1244 3190 quibus

316 3194 429 3254 Paulus
452 3195 611 3275 praecepit
639 3194 753 3254 destrui
782 3196 968 3256 munitiones
1003 3201 1035 3256 et
1056 3194 1243 3272 altitudines,

316 3277 500 3338 extollentes
522 3295 557 3337 se
579 3276 725 3337 adversus
748 3279 909 3337 scientiam
932 3278 998 3339 Dei.
1042 3275 1085 3356 Si,
1105 3279 1242 3356 inquam,

315 3378 408 3436 unum
431 3365 563 3440 possunt
584 3359 762 3438 ostendere,
789 3361 964 3441 permittam
988 3362 1047 3439 eia,
1069 3363 1102 3422 ut
1118 3362 1243 3420 inversa

315 3443 479 3506 dialectica
515 3461 555 3502 ex
578 3458 641 3503 nna
673 3443 820 3522 singulari
849 3444 996 3504 inducant
1024 3443 1243 3522 universalem,

317 3547 357 3588 ex
382 3539 443 3588 uno
467 3525 516 3586 die
538 3525 639 3586 calido
661 3525 775 3586 facient
797 3533 957 3606 aestatem,
979 3527 1242 3606 concludensque:

316 3611 419 3674 Semel
442 3610 570 3670 vicimus
592 3607 865 3690 perscripturum,
887 3631 920 3671 er
943 3628 961 3671 o
983 3627 1139 3691 nunquam
1162 3625 1242 3670 erre-

317 3715 392 3758 mus.
435 3693 563 3754 Etiamsi
580 3693 760 3775 incipiente
772 3693 905 3754 concillo
917 3629 1156 3772 donsontiensi,
1178 3711 1240 3772 quo

315 3778 420 3839 seculo
453 3776 587 3837 maxime
616 3777 819 3856 tyrannisavit
846 3778 993 3838 autoritas
1027 3773 1240 3856 lnquisitorum

315 3861 581 3942 etllagietrorum,
603 3878 758 3938 nunquam
776 3861 896 3921 ratione
917 3860 967 3921 vel
989 3863 1163 3938 autoritate,
1184 3857 1239 3920 aed

386 4051 418 4114 1)
439 4049 470 4102 ln
489 4050 532 4104 ed,
552 4051 639 4118 orig.:
658 4049 920 4117 llagistrorumque.
