3159 4792
360 504 404 572 64
572 506 703 566 censue
719 507 827 573 neoc
841 475 1061 571 susstinens

362 699 425 760 imo
447 698 581 759 convicii
597 696 649 758 vel
659 695 854 776 dissimulari,
875 696 925 757 vel
947 696 1074 775 aequius
1090 690 1283 772 interpretari

362 783 494 861 poterit,
531 788 565 843 ut
594 781 692 841 semel
719 781 852 841 facessat
878 780 1016 841 simultas
1039 779 1149 841 omnis.
1191 774 1284 835 Nulla

363 865 505 944 equidem
532 866 735 945 inpromptu
768 870 831 941 est,
869 882 930 942 qus
961 870 992 923 te
1019 876 1218 936 excusemus,
1252 863 1285 919 st

362 948 512 1029 plurimae
534 948 624 1010 nobis
646 948 885 1027 patrocinantur.
929 946 1007 1007 Nam
1036 944 1118 1024 quod
1146 950 1180 1003 tu
1206 940 1283 1001 Lud-

364 1031 512 1091 deranum
540 1049 649 1109 vocas,
686 1045 798 1110 nempe
822 1026 977 1089 hominem
1000 1021 1151 1108 pestiferis
1179 1026 1286 1085 haere-

364 1116 492 1194 ticisque
514 1114 710 1194 opinionibus
734 1112 899 1191 imbutum,
919 1114 994 1173 satis
1017 1120 1048 1172 et
1069 1111 1109 1171 ad
1128 1109 1286 1171 fastidium

363 1217 462 1278 usque
483 1201 577 1258 totius
599 1198 681 1258 orbis
704 1197 843 1277 auribus,
871 1197 944 1258 lieet
965 1198 996 1256 in
1020 1214 1157 1273 cassum,
1188 1192 1286 1256 multo

362 1284 425 1341 iam
455 1291 594 1361 ternpore
615 1280 787 1357 instillasti,
816 1280 899 1359 quod
926 1281 952 1341 si
979 1280 1028 1339 vel
1050 1279 1184 1340 maxime
1206 1275 1287 1335 obti-

364 1366 491 1442 cuisses,
513 1383 617 1429 nonne
639 1383 711 1424 vere
724 1363 904 1425 Christianis
918 1362 1028 1423 odiosa
1048 1381 1103 1442 per
1124 1380 1158 1421 se
1180 1358 1287 1419 factio-

364 1468 438 1509 num
473 1448 615 1526 nomina,
653 1448 745 1507 etiam
775 1464 919 1525 eaquae
947 1446 986 1507 ob
1014 1446 1049 1505 B.
1072 1446 1193 1505 Petrum
1225 1460 1288 1501 mc·

364 1532 494 1592 moriam
515 1532 631 1610 alioqui
652 1530 871 1610 suspicienda?
900 1528 1088 1607 videturque
1110 1527 1142 1589 id
1168 1524 1222 1587 tibi
1244 1526 1288 1583 ni·

364 1614 434 1692 hili,
467 1616 527 1675 nisi
549 1623 581 1675 et
601 1615 783 1695 agnomines
808 1614 1009 1675 seminatores
1034 1630 1186 1684 errorum,
1208 1626 1288 1687 quos

365 1698 633 1779 pestilentissimos
655 1696 785 1760 validius
808 1697 923 1757 clamas
942 1715 1036 1775 quam
1059 1692 1254 1773 comprobas.

449 1814 499 1875 Ad
520 1815 613 1889 haec,
646 1835 687 1875 ne
718 1824 749 1876 te
777 1815 969 1895 poenituisse
997 1811 1070 1873 dicti
1092 1813 1219 1890 sciatur,
1256 1808 1288 1868 in

367 1900 537 1979 marginem
570 1899 709 1958 asterisci
736 1896 808 1959 loeo
832 1898 954 1975 scribis,
991 1892 1140 1957 Canonici
1170 1893 1291 1953 indocti

366 1982 545 2059 Lutherani,
581 1982 692 2041 timens
726 1981 820 2059 forte,
858 2000 898 2041 ne
932 1980 1157 2039 somniculosus
1191 1977 1291 2038 lector

365 2065 583 2145 praetervolet,
605 2065 707 2124 denuo
731 2082 839 2124 censes
862 2061 1103 2141 admonendum,
1127 2063 1215 2121 sistat
1237 2079 1288 2139 pe-

366 2148 452 2228 dem,
495 2146 578 2207 dicta
605 2148 781 2228 diligentius
811 2165 915 2207 secum
943 2146 1129 2228 perpendat,
1167 2142 1289 2204 fidelius

367 2234 517 2293 memoria
538 2239 685 2311 reponat,
717 2232 774 2292 sibi
796 2238 922 2308 caveat,
953 2229 1007 2289 tibi
1029 2236 1164 2311 gratetur
1186 2232 1217 2287 et
1238 2245 1291 2306 ap·

367 2316 508 2396 plaudat,
543 2314 633 2376 nobis
660 2322 869 2376 succenseat·
894 2313 988 2374 Vides
1016 2316 1081 2393 hic,
1117 2308 1200 2372 bone
1234 2312 1290 2389 vir,

365 2400 511 2480 insignite
538 2399 588 2458 hic
611 2400 715 2460 omnia
736 2400 835 2479 magis
864 2396 904 2457 ad
940 2394 1164 2472 exulcerandos
1198 2412 1290 2473 quam

368 2481 579 2543 conciliandos
600 2483 721 2542 animos
743 2484 887 2560 attinere,
909 2490 1001 2560 atque
1025 2480 1119 2558 adeo,
1143 2485 1176 2538 ut
1197 2478 1290 2559 plane

366 2568 510 2627 merearis
532 2567 678 2626 talionem
700 2572 867 2645 reportare.

451 2683 604 2762 Ceterum,
626 2670 660 2746 id
674 2691 780 2761 poetro
794 2681 911 2745 abludit
930 2683 1080 2760 instituto,
1101 2681 1173 2761 lege
1187 2679 1291 2761 igitur,

367 2769 393 2828 si
422 2766 651 2849 magnificentia
685 2775 737 2826 tua
764 2786 829 2828 non
860 2765 1059 2848 dedignetur,
1096 2763 1171 2843 -quid
1199 2760 1290 2826 nobis

370 2850 545 2935 virumDei
568 2850 749 2929 conciliarit,
771 2857 802 2911 et
824 2856 975 2930 quatenus
995 2848 1162 2910 Lutheruni
1185 2848 1291 2909 simus.

366 2934 437 2995 Non
478 2941 527 2996 est
562 2934 645 3013 quod
679 2935 844 3013 suspicere
869 2934 1056 3017 privatarum
1091 2930 1291 2993 affectionum

368 3018 486 3098 studia3
517 3018 599 3079 haud
620 3025 707 3080 tanta
728 3020 885 3081 internos
907 3017 1097 3079 familiaritas
1118 3012 1292 3092 intercedit,

368 3102 454 3168 nulla
475 3102 526 3176 liic
545 3102 650 3163 lucelli
670 3122 752 3182 spes,
774 3122 815 3163 ex
835 3101 1076 3163 Mendicantium
1095 3099 1212 3159 familia
1233 3104 1292 3173 est,

368 3186 576 3267 eleemosynis
606 3186 690 3261 vivit.
739 3185 802 3248 Sed
836 3185 1049 3247 novandarum
1087 3201 1188 3244 rerum
1233 3198 1293 3242 nos

369 3272 451 3351 cepit
474 3270 608 3349 cupido?
641 3288 703 3329 non
730 3269 785 3329 illa
814 3272 898 3351 pacis
921 3275 952 3329 et
974 3267 1161 3330 concordiae
1183 3265 1293 3325 distur-

368 3355 483 3432 batrix,
518 3355 573 3431 sed
601 3354 803 3415 conciliatrix.
856 3354 936 3430 Quia
964 3354 1058 3415 enim,
1074 3350 1170 3411 seculi
1202 3349 1295 3407 huius

367 3440 459 3518 ferrei
480 3438 617 3499 moribus
637 3438 712 3499 nihil
734 3445 783 3508 est
795 3438 1003 3520 depressum,
1024 3436 1100 3499 nihil
1111 3432 1296 3512 corruptius

369 3524 478 3605 quibus
501 3522 552 3583 hic
574 3521 690 3585 mederi
718 3544 775 3585 sua
797 3524 969 3601 eruditione
990 3524 1107 3602 studet,
1144 3522 1217 3583 dum
1238 3538 1296 3600 pa·

369 3629 436 3672 cem
459 3609 642 3687 annunciat,
666 3607 875 3671 obedientiam
896 3607 1065 3689 praedicat,
1089 3610 1296 3687 humilitatem

370 3692 584 3773 commendat,
617 3701 648 3753 et
680 3692 755 3754 nihil
781 3694 906 3755 invitius
934 3710 1047 3773 agens,
1084 3690 1178 3773 quam
1209 3692 1294 3772 quod

368 3785 487 3857 tecum,
521 3784 552 3838 et
581 3794 650 3838 cum
679 3778 723 3837 tui
753 3777 902 3838 similibus
923 3775 1054 3838 rixando
1077 3775 1176 3838 bonas
1199 3776 1294 3837 horas

370 3860 451 3921 male
485 3860 614 3941 perdere
647 3861 776 3941 cogitur.
820 3861 1038 3939 Contemptum
1070 3859 1294 3939 mundanarum

369 3963 499 4032 rerum,¹
518 3944 650 4027 gloriam
680 3945 877 4021 coelestium,
911 3941 1133 4014 Christianismi
1165 3962 1295 4023 scopum

370 4026 500 4100 subinde
522 4035 680 4108 monebat,
701 4029 902 4101 ambitionem
925 4034 1111 4107 exsecratur,
1133 4028 1295 4089 avaritiam
