3159 4792
377 499 441 568 318
678 502 776 558 omaro
796 506 828 558 D.
849 506 885 561 lt.
903 508 1029 561 intuor

378 693 514 773 positum
535 691 636 753 oculis
657 710 750 771 quam
774 708 864 755 sacra
884 693 1053 774 theologia,
1075 712 1133 755 ocu
1154 695 1226 775 ipsa
1248 694 1301 755 lux

377 776 453 835 solis
476 781 507 835 et
529 776 679 851 siderum,
716 793 796 854 quae
819 777 900 837 lucet
927 796 984 857 per
1014 796 1123 838 omnes
1146 777 1300 855 tenebras,
1401 786 1402 799 ¹

377 858 564 936 nectum1)
589 878 671 919 eam·
688 859 835 919 tenebrae
856 860 1133 939 comprehendant,
1168 858 1224 920 sed
1246 878 1299 941 po·

379 943 439 1001 tius
460 941 580 1021 fugiant
601 948 633 1001 et
655 941 854 1021 detestentur,
877 942 972 1021 sed2)
999 950 1032 1004 ut
1052 963 1125 1005 vere
1146 943 1300 1024 intelliga-

376 1043 444 1084 mus
468 1024 582 1084 donum
605 1043 691 1103 esse,
712 1043 775 1085 non
798 1044 855 1106 per
876 1030 1032 1106 naturam,
1055 1044 1113 1087 neo
1137 1025 1295 1101 bonum³)

375 1126 432 1186 per
456 1111 595 1168 naturam
617 1107 770 1187 parabile,
805 1107 888 1188 quod
920 1108 1035 1170 donum
1065 1111 1085 1169 ii
1107 1109 1166 1171 soli
1188 1109 1299 1170 intelli·

375 1197 461 1270 gunt,
483 1190 592 1269 quibus
615 1190 759 1269 donatur,
778 1197 811 1251 ut
832 1191 1006 1271 capiant4),
1030 1193 1139 1253 ceteris
1162 1194 1295 1265 etiaml)

374 1273 477 1352 palam
502 1270 661 1350 offeratur,
683 1273 762 1334 adeo
785 1293 849 1334 non
872 1282 919 1335 est
940 1275 1068 1352 donum,
1090 1282 1122 1335 ut
1143 1292 1297 1335 venenum

375 1354 538 1433 exitumll
561 1355 619 1417 sibi
641 1376 711 1417 esse
732 1357 868 1418 credant.

456 1439 515 1499 Hio
536 1439 626 1499 simul
647 1447 679 1500 et
692 1459 750 1500 nos
772 1441 832 1520 ipsi
853 1439 1065 1519 admonemur,
1088 1441 1114 1500 si
1137 1440 1189 1519 qui
1212 1440 1297 1500 theo·

376 1521 441 1602 logi
462 1522 512 1582 vel
534 1542 606 1583 vere
628 1541 732 1582 snmus
755 1521 914 1584 velvideri
936 1524 1088 1600 volumus,
1111 1524 1187 1583 satis
1212 1524 1295 1583 terri-

375 1603 427 1664 bili
450 1604 581 1681 Ohristo,
604 1611 639 1665 ut
654 1605 809 1665 humiliter
821 1608 976 1686 sapiamus
988 1607 1130 1682 invicem,
1145 1624 1205 1665 nec
1220 1606 1298 1665 alter

374 1686 461 1747 alteri
484 1706 519 1748 se
540 1688 693 1768 praeferat
713 1707 752 1750 eo
773 1690 852 1768 ipso,
877 1689 961 1768 quod
976 1691 1097 1769 accepit
1118 1689 1213 1749 dono.
1237 1688 1296 1747 Εκ-

373 1770 508 1849 perimur
529 1770 682 1849 quotidie,
714 1790 805 1851 quarn
840 1772 926 1832 multi
960 1772 1016 1832 sibi
1039 1778 1186 1853 arrogent
1207 1772 1295 1831 huius

375 1851 448 1913 doni
470 1854 678 1933 opulentiam,
709 1863 741 1914 et
762 1856 868 1917 nescio
891 1874 969 1934 quos
992 1855 1152 1916 thesauros
1176 1856 1296 1934 sapien-

374 1937 434 1995 tiae
456 1944 488 1996 et
508 1937 666 2013 scientiae,
690 1955 758 1997 cum
777 1945 879 1997 tamen
899 1957 1007 1999 revera
1023 1937 1098 1997 nihil
1121 1937 1205 1997 aliud
1228 1956 1296 2017 pos-

373 2017 510 2097 sideant,
533 2037 624 2097 quam
653 2039 801 2101 arrogans
823 2023 980 2102 ingenium
1004 2022 1134 2081 miserae
1156 2026 1294 2097 naturae,

372 2100 456 2180 quod
478 2102 597 2163 fortiter
617 2110 648 2163 et
669 2121 777 2163 secure
799 2104 856 2165 sibi
878 2102 1051 2183 persuadet,
1075 2122 1168 2183 posse
1191 2122 1226 2163 se
1251 2105 1296 2163 iu·
1402 2114 1403 2131 ¹

372 2182 476 2245 dicare
496 2186 557 2246 hoc
578 2185 692 2247 donum
718 2194 749 2245 et
770 2186 864 2267 longe
891 2187 971 2247 infra
998 2188 1188 2268 sepositum
1212 2187 1297 2247 velut

372 2287 412 2328 ex
434 2269 497 2330 alto
521 2268 696 2349 despicere,
733 2289 802 2329 cum
825 2270 914 2330 huius
936 2270 1009 2331 doni
1031 2270 1077 2329 vis
1102 2278 1133 2331 et
1154 2272 1295 2350 potentia

371 2352 421 2427 sit,
443 2370 535 2412 omne
557 2352 701 2412 iudicium
720 2354 855 2412 omnium
874 2354 1078 2434 ingeniorum,
1101 2372 1225 2414 omnem
1250 2372 1295 2413 sa·

371 2435 517 2514 pientiam
533 2436 696 2495 universae
706 2437 834 2496 rationis
846 2436 1022 2517 indicarel)
1041 2443 1072 2497 et
1093 2436 1294 2514 damnare0),

371 2518 415 2575 ita
435 2516 485 2595 fit,
508 2525 541 2577 ut
564 2517 714 2578 eiusmodi
737 2521 934 2599 arrogantiae
962 2517 1015 2578 lilii
1039 2520 1143 2580 omnia
1166 2519 1294 2579 confun-

372 2598 457 2677 dant,
480 2599 616 2678 nihilque
637 2602 716 2660 inter
728 2608 857 2663 naturae
868 2604 1018 2663 rationem
1043 2610 1074 2662 et
1095 2602 1155 2663 hoc
1178 2601 1294 2661 donum

372 2681 562 2760 discernant,
590 2682 645 2743 sed
675 2683 822 2763 quidquid
844 2694 952 2746 natura
973 2684 1032 2744 illis
1056 2685 1201 2763 dictaret,
1235 2685 1296 2745 hoc

369 2767 520 2845 persuasi,
543 2765 625 2846 quod
643 2766 831 2847 theologiam
843 2774 978 2847 teneant,
1002 2786 1070 2829 ease
1087 2768 1163 2828 illud
1177 2767 1293 2828 donum

370 2846 427 2908 sibi
449 2851 613 2912 somniant.
658 2848 750 2911 Certe
769 2852 911 2912 homines
936 2857 1040 2930 erant,
1070 2850 1179 2931 quibus
1203 2851 1293 2911 Chri-

369 2939 434 2991 stus
456 2931 550 2993 dixit:
581 2932 700 2994 Vobis
723 2933 847 3013 dabo,
881 2943 913 2995 et
939 2933 1095 2995 habebant
1116 2934 1295 3014 habentque
1403 2974 1404 2997 ;

368 3014 469 3075 adhuc
491 3022 522 3076 et
542 3034 664 3096 semper
685 3016 851 3094 habebunt,
875 3016 1098 3096 quaehominis
1121 3025 1201 3093 eunt,
1226 3018 1292 3078 scil.

367 3099 534 3179 ingenium.
575 3098 654 3159 Nam
677 3108 708 3159 et
730 3118 810 3179 quae
831 3107 958 3161 naturae
979 3101 1132 3179 sapientia
1153 3118 1223 3161 esse
1238 3120 1292 3181 po·

369 3181 449 3241 test?
481 3181 686 3243 Nihilominus
698 3181 731 3264 ⁹)
755 3200 895 3244 carceres
927 3200 981 3244 eas
1002 3183 1176 3264 Theologr'a
1208 3183 1291 3261 dicit,

369 3282 438 3323 oum
460 3264 498 3325 de
525 3264 670 3325 donanda
692 3267 737 3326 eis
760 3265 863 3326 denuo
886 3267 1030 3345 loquitur.
1074 3267 1154 3327 Hinc
1174 3266 1231 3327 illa
1252 3268 1291 3327 ci-

367 3347 440 3407 vilia
460 3348 492 3406 in
515 3349 647 3409 ecclesia
660 3348 753 3426 bella,
775 3350 930 3428 haereses,
953 3350 1180 3428 contentiones,
1203 3368 1291 3411 scan-

366 3430 448 3510 dala,
470 3431 541 3510 quia
563 3449 670 3492 omnes
693 3431 829 3493 iudicare
843 3432 951 3496 volunt
972 3439 1004 3493 et
1027 3438 1129 3494 tamen
1153 3432 1292 3493 iudicant

441 3606 468 3666 1)
488 3603 639 3657 Schneider
663 3602 718 3672 leg.
747 3606 915 3671 suspicatur:
951 3608 1050 3656 tumen.
1086 3602 1119 3665 2)
1142 3601 1290 3657 Schneidr

367 3674 426 3728 scil.
462 3675 491 3736 3)
511 3674 651 3728 Schneid.:
684 3674 797 3727 donum.
835 3674 868 3740 4)
889 3674 1040 3729 Schneider
1064 3676 1157 3743 posuit
1176 3678 1292 3728 semico-

365 3747 414 3799 lon
434 3754 498 3815 post
517 3747 740 3800 detestentur
766 3752 795 3799 et
813 3748 966 3815 capiant.
986 3747 1017 3807 5)
1033 3743 1173 3801 Schneid.:
1195 3748 1291 3799 etiam·

365 3821 398 3872 si.
437 3818 469 3886 6)
491 3818 632 3873 Schneid.:
657 3819 779 3892 exitiale,
798 3821 870 3871 sive:
892 3819 1050 3871 exitiosum.
1088 3818 1118 3879 7)
1139 3817 1292 3871 Schneider

365 3892 531 3957 suspicatur:
558 3890 689 3942 iudicare.
727 3889 760 3957 8)
782 3890 933 3943 Schneider
961 3897 1025 3958 post
1043 3888 1176 3942 damnare
1196 3891 1291 3957 posuit

365 3962 537 4086 punctum.
584 3962 615 4025 9)
648 3960 799 4014 Schneider
835 3960 984 4031 legendum
1023 3977 1084 4014 esse
1113 3962 1288 4029 suspicatur:

274 4056 278 4068 ·
389 4044 434 4085 am
446 4036 473 4083 et
491 4047 562 4101 quae
572 4036 689 4085 naturae
699 4035 836 4100 sapientia
845 4038 896 4097 est,
908 4032 1088 4087 nihilominus
1100 4046 1226 4086 carceres
1239 4039 1290 4087 stc.
