3159 4792
666 514 696 569 b.
712 510 749 569 ll.
767 514 888 569 bntlrer'l.
1148 504 1224 577 169¹

292 722 380 785 quern
404 704 479 765 setis
505 703 654 777 hebemus
680 704 800 768 virium.
842 700 949 782 Atque
977 722 1037 784 ego
1059 720 1117 784 pro
1139 719 1208 764 meo

289 788 402 849 iudioio
418 794 567 868 optarem,
589 796 623 849 ut
644 788 726 869 epud
738 788 929 849 Christienoe
945 786 1020 848 nihil
1032 792 1116 847 esset
1126 804 1210 866 pror·

289 890 338 933 sue
362 878 515 949 votorum,
537 878 658 952 praeter
671 890 718 949 ee,
739 890 818 952 quea
832 873 864 931 in
877 871 1031 953 baptismo
1046 870 1212 948 emisimus,

289 957 370 1016 sieut
400 955 473 1015 olim
495 956 590 1016 brisso
618 962 762 1036 apparet,
798 961 830 1015 et
860 974 967 1016 omnes
996 953 1212 1034 intelligerent,

290 1039 363 1119 quid
386 1040 566 1118 requiratur,
590 1038 785 1101 utmandatis
808 1039 864 1099 Dei
887 1038 1056 1099 obediatur.
1097 1036 1210 1096 Viden·

289 1128 337 1183 tur
359 1124 442 1183 enirn
468 1126 541 1183 vote
561 1121 705 1204 baptismi
726 1141 851 1203 prorsus
872 1122 998 1182 viluisse
1019 1140 1094 1201 prae
1115 1121 1210 1181 nimio

290 1224 361 1284 usu,
392 1224 524 1285 pompe,
559 1203 804 1287 dispensatione,
831 1204 1048 1285 redemptione
1069 1210 1211 1266 votorum

288 1291 428 1352 istorum.
470 1289 688 1369 Apponamus,
720 1290 862 1369 inquem,
902 1306 1010 1349 omnes
1049 1288 1146 1367 vires,
1180 1292 1242 1360 et,

287 1374 357 1454 plus
379 1392 438 1433 nos
461 1374 585 1433 vovisse
605 1373 813 1451 inveniemus,
848 1390 938 1452 quem
972 1371 1126 1451 possimus
1157 1371 1211 1429 im-

289 1456 378 1537 plere
400 1474 544 1535 uuquam.
892 1490 907 1520 s

371 1539 526 1613 ,Votorum
547 1538 608 1599 alia
636 1538 713 1599 liunt
743 1538 935 1615 hominibus,
968 1538 1048 1597 siout
1074 1543 1106 1598 et
1132 1537 1212 1595 iure-

289 1629 404 1701 mente,
425 1621 487 1682 alie
501 1622 581 1684 Deo.
591 1678 610 1721 Ι
624 1620 679 1701 lla,
702 1641 780 1701 quae
795 1619 969 1682 hominibus
983 1619 1069 1699 fiunt,
1091 1624 1214 1679 constet

289 1712 408 1766 tanturn
431 1712 463 1765 et
483 1712 545 1766 tem
569 1706 621 1767 d1u
642 1706 761 1782 valere,
791 1711 937 1783 quentum
958 1703 1060 1781 volet,
1091 1704 1140 1763 oui
1160 1721 1213 1762 vo·

289 1794 387 1849 vetur.
430 1788 564 1849 Proinde
597 1788 770 1869 solendum,
800 1794 835 1848 nt
859 1793 945 1848 reete
961 1785 1082 1848 Gerson
1110 1785 1213 1863 sentit,

289 1874 464 1933 iuramenta
485 1879 517 1933 et
537 1878 611 1933 vote
629 1870 927 1934 'inUniversitatibns
949 1871 1041 1931 solita
1061 1868 1138 1950 fieri,
1161 1874 1215 1929 eut

290 1954 485 2037 mognatibue
507 1956 669 2036 praestita,
702 1973 765 2016 non
796 1954 909 2016 debere
937 1962 998 2014 tam
1027 1952 1126 2033 rigide
1153 1953 1215 2012 exi·
1305 1978 1308 1984 ·

290 2039 417 2117 stimeri,
439 2044 473 2098 ut
494 2038 661 2119 quamlibet
683 2057 788 2100 eorum
810 2037 1106 2118 preeverioationem
1138 2034 1214 2095 iudi·

290 2140 399 2183 oemus
422 2122 487 2182 voti
509 2121 694 2184 solutionem
716 2130 769 2181 aut
789 2122 963 2201 periurium.
1007 2118 1087 2195 Quin
1109 2119 1213 2198 potine

290 2223 424 2284 aequum
457 2210 519 2283 est,
551 2204 725 2265 huiusmodi
747 2214 822 2265 vole
852 2223 916 2265 non
945 2202 1076 2283 intelligi
1103 2201 1214 2278 solute,

288 2290 348 2348 nisi
370 2308 412 2348 ex
432 2291 610 2369 eontemptu
634 2295 665 2349 et
694 2288 850 2351 obstinate
884 2286 1002 2347 malitie
1029 2286 1073 2345 eia
1095 2290 1214 2345 oonhe

292 2371 444 2450 venietur,
468 2372 608 2431 seous‘in
629 2371 686 2450 his,
709 2380 788 2451 qnae
809 2371 876 2431 Deo
899 2375 1059 2431 voventur.
1244 2391 1247 2396 ·

373 2454 409 2514 in
431 2455 522 2531 votis,
544 2473 623 2533 quae
645 2455 712 2515 Deo
737 2461 903 2533 voventur,
924 2452 1015 2513 video
1037 2469 1093 2531 per
1115 2450 1214 2531 ponti-

289 2536 364 2597 fioee
398 2536 583 2617 dispensari:
618 2537 673 2598 sed
709 2556 865 2616 nunqnam
901 2554 960 2617 ego
995 2532 1214 2615 persuadebor,

289 2627 387 2681 tutum
412 2619 479 2680 fore
500 2640 587 2699 enm,
609 2640 677 2680 oum
704 2639 765 2700 quo
789 2622 833 2680 sio
853 2620 1062 2699 dispensatur,
1084 2634 1152 2677 oum
1175 2617 1216 2676 eit

290 2704 363 2764 iuris
389 2702 485 2763 divini
506 2702 569 2764 tale
588 2710 703 2781 votum,
726 2710 757 2764 st
777 2722 840 2763 non
865 2704 1011 2763 maiorem
1026 2702 1058 2760 in
1079 2700 1140 2761 hoo
1160 2718 1214 2779 po-

293 2792 438 2848 testatem
460 2786 725 2867 habeatpontilex
747 2786 866 2847 medius
880 2793 932 2846 sut
953 2804 1101 2863 summus,
1122 2801 1214 2863 quam

290 2870 420 2949 quilibet
439 2868 533 2929 freter
556 2868 755 2948 Christianus,
777 2870 835 2929 etsi
853 2870 918 2929 seio
933 2866 1103 2928 decretales
1125 2884 1214 2945 quas·

290 2952 362 3013 dam
394 2952 656 3032 decretaliumque
686 2952 807 3033 glossas
839 2950 934 3011 multe
964 2949 1095 3026 endere,
1135 2966 1213 3027 quee

291 3055 354 3097 non
378 3034 482 3098 oredo

373 3118 443 3179 Hoe
465 3126 566 3178 temen
584 3116 715 3178 libenter
728 3115 919 3193 crediderim,
941 3120 1046 3176 votum
1063 3112 1214 3173 eastitatis
1330 3100 1334 3110 '

289 3209 362 3262 ente
384 3200 577 3282 pubertatem
600 3202 744 3261 emissum
771 3220 834 3261 non
858 3206 979 3275 tenere,
1007 3215 1066 3257 neo
1100 3195 1211 3276 ligere:

292 3286 365 3363 quia
386 3286 423 3361 is,
447 3284 601 3363 quiverit,
623 3284 778 3363 ignoravit
799 3284 871 3364 quid
893 3289 1030 3360 voveret,
1052 3298 1120 3340 oum
1143 3297 1212 3339 neo

289 3366 362 3428 dum
386 3365 541 3427 stimulum
556 3368 655 3427 earnis
677 3369 814 3428 senserit.
857 3364 989 3427 Proinde
1000 3365 1052 3445 pie
1073 3362 1212 3439 arbitror,

293 3450 357 3511 tale
378 3456 484 3510 votum
516 3447 597 3530 opud
618 3450 716 3509 Deum
746 3451 880 3530 reputari
908 3448 1033 3508 stultum
1063 3454 1095 3506 et
1122 3444 1213 3504 nihil:

292 3532 540 3615 prohibendique
562 3539 667 3593 essent
695 3534 832 3613 generali
854 3532 955 3593 edioto
978 3530 1129 3593 ecelesiae
1150 3544 1213 3586 mo·

288 3618 495 3678 nasteriorum
521 3615 642 3694 Patres,
664 3636 704 3676 ne
725 3615 895 3676 masculum
927 3621 998 3675 ante
1033 3612 1212 3693 vigesimum

290 3707 345 3761 aut
361 3700 472 3760 saltem
487 3698 637 3761 decimum
654 3708 796 3760 oetovum
812 3719 923 3759 annum
935 3699 1135 3776 susciperent,
1157 3711 1215 3753 nee

289 3782 412 3865 puelles
424 3790 496 3843 ente
508 3783 805 3862 quintumdecimum
821 3782 870 3843 vel
881 3782 1033 3843 deoimum
1049 3783 1179 3857 sextum,
1188 3777 1215 3837 si

291 3885 351 3928 nos
375 3885 448 3927 eura
469 3868 637 3927 animarum
661 3866 849 3927 sollicitaret.

373 3949 580 4011 Vehementer
602 3951 693 4010 etiam
716 3950 910 4010 temerarium
931 3952 995 4023 eet,
1025 3946 1056 4004 in
1079 3962 1212 4005 eommu-

290 4030 394 4098 tendis
415 4034 496 4095 votis
518 4038 550 4095 et
576 4030 753 4095 relaxandis
782 4032 890 4094 melius
914 4028 967 4114 (nt
987 4027 1114 4111 vorant)
1135 4047 1214 4109 opus
