3159 4792
570 539 667 585 contra
684 547 794 585 errores
813 530 847 583 tt.
868 530 943 583 tutu.
1046 534 1053 539 ”
1155 526 1217 593 303

293 718 446 799 tempium
468 719 612 795 Domini,
640 724 672 778 et
693 736 769 798 pax,
799 738 880 799 pex,
903 738 971 779 oum
993 736 1035 779 no
1085 718 1125 777 sit
1144 736 1217 797 pax.

292 802 376 865 Nam
400 809 433 862 ut
459 802 616 861 hominum
647 820 744 881 genus
764 802 855 862 fallas
876 801 924 861 his
945 738 1118 877 frauddsns,
1153 819 1215 861 non

293 891 387 965 potes
410 885 495 946 illum
520 884 616 945 latere
638 884 775 943 cordium
797 891 1016 966 scrutatorem,
1044 884 1142 963 qualis
1165 884 1216 944 sis.

293 970 472 1028 Memineris
494 987 567 1028 vero
591 967 705 1048 flagelli
727 968 905 1028 inundantis
927 968 978 1028 ubi
1001 966 1156 1043 transibit,
1178 986 1217 1026 ne

293 1052 402 1112 veniet
423 1056 567 1131 superte
589 1059 620 1111 et
641 1049 901 1131 pseudecciesiam
923 1052 1014 1111 istam
1037 1057 1136 1127 tuem,
1172 1057 1216 1109 to·
1240 1080 1244 1091 ·

293 1134 422 1213 tamque
449 1134 545 1194 semel
568 1134 730 1194 conculcet
757 1130 958 1214 pessimorum
981 1134 1100 1194 Romae
1122 1132 1218 1193 homi-

286 1230 370 1277 ‘num
393 1216 568 1278 colluviem.
612 1216 692 1291 Quid
706 1220 795 1277 'enim
813 1218 939 1279 Romae
963 1216 1076 1292 habeS,
1098 1224 1219 1296 praeter

293 1299 447 1361 infinitum
470 1300 555 1359 iilum
577 1301 761 1360 musicorum
786 1306 905 1361 tuorum
930 1304 961 1360 et
987 1299 1217 1359 adsentatorum

292 1402 432 1463 gregem,
455 1384 512 1443 nisi
531 1402 633 1443 meros
647 1384 740 1461 sures,
762 1402 865 1444 meros
880 1385 1076 1462 impostores,
1099 1382 1218 1442 frauda-

296 1474 398 1542 tores,
434 1466 627 1545 praedones,
660 1473 713 1526 eut
740 1466 829 1526 aliter
857 1466 954 1526 melos
977 1466 1134 1542 homines,
1168 1466 1218 1544 qui

296 1550 384 1628 quasi
409 1568 543 1628 aucupes
561 1554 680 1628 ponunt
692 1549 821 1627 laqueos
843 1557 874 1609 et
896 1548 1022 1629 pedicas
1045 1547 1082 1607 ad
1098 1548 1218 1627 capien-

295 1632 371 1691 dum
390 1632 526 1710 quotidie
546 1631 620 1691 hinc
640 1631 765 1709 aliquid.

380 1714 503 1774 Parcius
537 1721 697 1795 praeterea
725 1715 846 1776 lacesse
870 1715 1006 1774 veritatis
1034 1714 1219 1790 adsertores,

296 1816 337 1857 ne
361 1798 474 1857 mnium
496 1797 576 1858 uitro
604 1797 656 1858 tibi
681 1798 838 1859 concilies.
882 1800 944 1857 lem
966 1797 1027 1857 hoc
1055 1800 1135 1859 enim
1159 1797 1219 1857 cla-

299 1887 388 1941 mant
408 1881 655 1961 cumPrcpheta
676 1882 789 1961 passim
814 1880 915 1941 multi:
953 1878 1033 1955 Quia
1055 1882 1167 1939 corruit
1187 1881 1218 1939 in

297 1963 412 2043 plateis
435 1966 557 2040 vetites,
590 1970 621 2023 et
642 1966 781 2043 aequitas
804 1983 866 2024 non
889 1966 989 2043 potuit
1010 1962 1147 2043 ingredi,
1190 1970 1221 2023 et

297 2046 382 2107 facta
405 2054 451 2106 est
473 2048 586 2107 veritas
619 2048 650 2106 in
681 2047 887 2124 oblivionem,
922 2048 1025 2126 etqui
1054 2047 1182 2107 recessit
1202 2066 1221 2105 c

296 2130 398 2206 malo,
421 2128 555 2208 praedae
576 2131 683 2209 patuit.
728 2130 831 2203 Quare
853 2148 954 2189 meum
978 2136 1026 2189 est
1047 2130 1220 2206 consilium,

296 2231 337 2272 ne
359 2232 493 2292 unquam
514 2214 547 2272 in
568 2222 703 2273 mentem
727 2214 830 2273 veniat
852 2212 914 2290 tibi,
938 2212 1063 2271 ulterius
1078 2214 1219 2291 persequi

296 2295 472 2373 Lutherum,
494 2314 563 2355 oum
586 2296 623 2355 iis
645 2316 715 2372 una,
739 2314 817 2376 quos
838 2294 891 2354 ille
905 2297 1082 2355 commovit.
1116 2295 1220 2355 Plures

298 2388 370 2438 sunt
392 2380 598 2459 enim,·quam
620 2379 715 2440 ntvel
738 2379 792 2439 tibi
815 2378 865 2439 vei
889 2378 942 2437 uili
965 2380 1112 2457 episcopo
1130 2379 1221 2437 liceat

296 2469 415 2523 tantum
439 2464 618 2540 animarum,
640 2464 666 2521 si
681 2463 805 2543 possitis
821 2458 929 2537 etiam,
950 2460 1088 2541 perdere.
1126 2462 1219 2520 Vides

297 2546 359 2605 iem
389 2551 460 2605 ante
481 2546 672 2606 mussitatum
696 2565 765 2605 esse
787 2546 900 2624 passim
930 2550 1036 2605 contra
1059 2553 1107 2625 te,
1138 2544 1220 2624 quod

297 2634 360 2687 tam
384 2627 505 2705 leviter,
543 2633 575 2688 et
602 2628 687 2689 nulla
710 2629 748 2688 de
770 2646 863 2687 causa
897 2627 978 2688 istud
1001 2635 1083 2687 tuum
1106 2627 1221 2688 fulmen

296 2710 456 2789 iacuieris,
490 2710 572 2791 qnod
593 2731 656 2772 non
679 2710 871 2786 consideras,
910 2712 936 2771 si
956 2712 987 2771 in
1001 2719 1220 2791 contemptum

297 2792 464 2872 aliqnando
487 2795 621 2872 venerit,
651 2801 796 2875 quantum
826 2792 1002 2855 offendiculi
1029 2795 1121 2873 vulgo
1145 2796 1221 2874 peri-

298 2884 401 2937 turum
425 2878 471 2938 sit.
920 2909 937 2938 ο
961 2912 965 2915 -
1087 2946 1089 2951 ,

379 2959 475 3039 Igitur
495 2978 692 3036 mansuesce,
720 2967 751 3019 et
772 2960 907 3021 caritatis
929 2978 991 3019 non
1017 2957 1108 3019 fictae
1130 2958 1221 3036 iilius,

298 3042 353 3103 sed
378 3041 569 3103 Christianae
592 3049 623 3103 et
644 3045 782 3103 sincerae
806 3041 938 3103 officium
960 3042 1016 3103 fec.
1049 3039 1169 3100 Exhibe
1191 3048 1221 3101 te

298 3126 428 3186 formam
451 3125 540 3187 nobis
563 3126 602 3186 ed
623 3126 820 3204 imitandum,
843 3144 880 3185 ac
900 3124 975 3185 illud
997 3143 1079 3200 cura,
1104 3142 1168 3183 non
1190 3129 1224 3183 ut

298 3209 454 3289 explearis
477 3216 523 3286 tu,
555 3210 609 3269 sed
639 3218 671 3268 ut
701 3229 757 3270 nos
788 3228 961 3289 pascemur.
1005 3206 1094 3281 Quod
1118 3205 1170 3267 ubi
1190 3206 1219 3284 Ι)

299 3291 490 3369 decreveris,
525 3300 588 3363 tuni
618 3293 747 3352 scientia
769 3293 900 3372 posthac
921 3310 1014 3371 pasce
1037 3310 1094 3352 nos
1117 3297 1148 3350 et
1170 3288 1221 3351 do·

299 3376 410 3452 ctrina,
433 3395 494 3436 non
517 3375 621 3436 Buliis.
657 3376 718 3434 iarn
742 3383 914 3454 pertaesum
939 3382 986 3434 est
1001 3374 1107 3436 harum
1131 3374 1220 3434 enirn.

298 3456 510 3537 indulgentias
538 3478 611 3519 vero
635 3466 702 3517 tuas
728 3476 930 3534 nauseamus,
963 3466 996 3517 ut
1018 3476 1116 3535 aeque
1138 3456 1221 3516 nihil.

299 3539 480 3600 Pontificiae
502 3542 591 3601 dotes
613 3548 698 3618 eunt,
730 3542 897 3620 sapientia,
925 3543 1058 3619 puritas,
1088 3540 1221 3613 castitas,

300 3631 333 3684 et
366 3643 466 3684 rernm
503 3625 638 3684 omniurn
671 3631 876 3704 contemptus.
932 3624 993 3683 Has
1026 3622 1221 3701 amplectere.

299 3706 352 3767 Sic
382 3708 463 3765 enirn
486 3706 555 3785 fiet,
587 3715 622 3767 ut
648 3708 731 3767 colet
760 3713 790 3766 te
812 3706 993 3782 Germania,
1029 3724 1097 3764 cum
1119 3724 1222 3765 amere

300 3789 421 3868 viderit,
445 3809 508 3851 non
522 3797 690 3871 oppugnet,
713 3789 889 3852 ubiterrcre
902 3791 1093 3869 persenserit.
1126 3788 1225 3849 Decet

307 3960 388 3969 -n—-n-

373 4059 405 4127 1)
427 4060 457 4112 ln
477 4059 542 4113 edit.
560 4058 642 4116 dent
664 4065 702 4116 ut.
