3159 4792
497 506 593 557 contra
612 501 779 557 Antinumor
798 502 835 557 de
851 504 1030 573 poenitentia.
1163 500 1226 567 431

367 690 396 753 8.
424 687 512 749 Haeo
532 695 634 753 autem
657 690 848 770 poenitentia
869 707 977 751 eorurn
998 694 1046 751 eat
1066 684 1228 770 particula·

303 774 345 832 ris
368 777 400 832 et
421 773 616 853 temporalis,
639 779 757 834 tentum
779 772 819 834 de
840 773 992 852 aliquibus
1014 774 1169 853 peoeatie,
1196 778 1229 834 et

303 855 461 933 inratiqua
482 862 569 935 parto
592 857 684 919 vitae.

384 940 414 1002 4.
437 938 596 1019 Coguntur
616 940 661 999 ita
680 940 804 1017 sentire,
826 940 879 1018 qui
900 945 1060 1021 pennatum
1077 939 1228 1019 originale

303 1040 428 1101 prorsus
449 1040 512 1081 non
534 1023 709 1103 intelligunt
731 1024 958 1102 corruptionem
976 1029 1007 1083 et
1020 1022 1227 1104 perditionem

303 1124 373 1165 esse
396 1105 489 1164 totius
512 1112 647 1165 naturae.

384 1191 412 1251 5.
446 1188 641 1249 Paenitentia
672 1188 810 1252 fidelium
838 1190 870 1249 iu
905 1189 1028 1251 Christo
1067 1197 1116 1250 est
1148 1190 1243 1250 ultra¹

302 1277 433 1349 peecata
454 1271 595 1350 actualia,
617 1270 821 1352 perpetua‘et
842 1292 938 1352 usque
960 1272 999 1333 ad
1022 1281 1151 1334 mortem
1171 1280 1227 1353 pet

303 1358 400 1415 totam
422 1354 525 1415 vitam.

388 1439 417 1501 6.
447 1436 527 1511 Quia
547 1438 685 1517 ipsorum
713 1444 777 1515 est,
808 1438 948 1499 mor-burn
979 1458 1034 1498 seu
1064 1447 1226 1519 peeoatunr
1327 1522 1332 1532 ἱ

303 1520 430 1580 naturae
452 1519 598 1581 detestari
621 1528 652 1581 et
674 1520 778 1581 odisee
800 1520 958 1600 usquead
980 1520 1084 1583 finem.

386 1606 415 1667 7.
437 1604 534 1665 Recte
555 1604 637 1663 enim
650 1602 788 1671 Christus
801 1603 876 1665 dioit
891 1604 1033 1666 omnibus
1049 1607 1127 1666 nnis:
1149 1606 1228 1667 Poe-

304 1686 463 1747 nitentium
487 1688 579 1767 agite,
604 1693 699 1750 totam
722 1687 843 1749 soilieet
863 1689 961 1749 vitam
975 1706 1101 1754 enorum
1119 1690 1227 1751 velena

305 1786 375 1843 epse
398 1771 632 1849 poenitentiam.

386 1852 414 1915 8.
444 1852 525 1915 Toto
559 1855 640 1913 enirn
672 1860 812 1935 tempore
842 1855 924 1914 vitae
954 1854 1046 1915 durat
1066 1862 1226 1936 peceatum

304 1936 335 1994 in
359 1954 450 1996 earne
473 1943 596 2015 nostra,
629 1944 660 1997 et
692 1936 872 1999 adversatur
892 1936 1017 2017 Spiritui
1040 1938 1099 1999 eibi
1121 1938 1227 1999 adver·

303 2037 396 2081 narro.

386 2105 414 2166 9.
439 2101 541 2176 Quare
565 2104 669 2163 omnia
690 2120 786 2183 opera
803 2102 1138 2183 pontinatitioationem
1155 2113 1228 2166 sunt

303 2184 387 2245 aliud
409 2185 484 2247 nihil
506 2204 600 2263 quarn
621 2187 814 2266 poenitentia
828 2206 884 2249 eeu
901 2186 1016 2247 bonum
1033 2190 1227 2268 propositum

304 2278 413 2329 eontra
435 2276 605 2348 peceatum.

169 2336 171 2355 ³
244 2374 249 2382 “
369 2356 416 2417 10.
438 2352 520 2413 Nihil
543 2352 625 2413 aliud
648 2353 733 2413 enirn.
752 2315 869 2432 agitur,
897 2370 989 2431 quam
1011 2359 1045 2413 ut
1066 2361 1227 2434 peceatum

305 2454 362 2514 per
393 2436 495 2515 legem
524 2442 687 2497 ostenouur
714 2442 745 2497 et
774 2438 808 2497 in
829 2436 953 2497 Christo
980 2438 1142 2498 remissum
1176 2452 1227 2498 ex·

304 2526 530 2664 purppturssicut
569 2602 701 2665 filiorum
730 2603 825 2665 lsrael
864 2608 930 2665 erat
958 2608 1031 2682 poet
1070 2604 1228 2665 obtentura

304 2692 416 2745 terram
440 2686 565 2747 Cauaan
587 2685 752 2748 lebusaeos
781 2688 814 2747 in
840 2685 953 2749 finibus
980 2687 1044 2746 auis
1071 2697 1228 2749 morantes

306 2768 481 2915 expdgdrdt
501 2852 580 2913 siout
601 2870 664 2913 non
689 2852 789 2911 minor
809 2857 876 2934 erat
896 2848 1002 2929 labor,
1022 2852 1160 2931 reliquos
1182 2854 1229 2913 le«

304 2934 437 2997 busaeus
469 2956 486 2995 e
519 2934 630 2995 finibus
662 2934 836 3015 expellere,
869 2952 961 3013 quam
996 2935 1153 3013 principio
1181 2936 1229 2995 in·

305 3016 427 3166 vaddrssed
447 3100 576 3161 Itanon
601 3102 695 3162 multo
718 3102 818 3161 minus
840 3104 906 3179 eat,
928 3119 984 3179 per
1005 3099 1227 3179 poenitentiam

187 3252 195 3277 .
304 3192 485 3265 perpetuam
508 3185 658 3264 reliquum
682 3186 803 3265 peeoati
824 3184 978 3264 persequi,
999 3200 1093 3262 quam
1114 3201 1131 3242 a
1149 3183 1228 3263 prin·

306 3269 388 3349 oipio
412 3268 567 3347 inoepisse
589 3267 747 3329 detestari.

372 3354 419 3416 ll.
450 3351 540 3413 Unde
568 3350 618 3427 fit,
647 3359 680 3413 ut
705 3352 805 3413 *naneti
830 3356 863 3411 et
883 3350 954 3410 iueti
978 3347 1043 3433 (nio
1064 3357 1229 3411 exercente

306 3454 361 3495 eos
384 3454 440 3515 per
461 3436 561 3515 legem
584 3434 669 3511 Deo)
699 3436 823 3515 saepius
856 3434 1013 3495 tristentur
1040 3441 1073 3495 et
1102 3434 1230 3513 lugeant

306 3536 362 3599 pro
385 3520 532 3597 peooatie.

371 3605 418 3665 to.
448 3601 523 3661 Cum
547 3605 651 3660 tamen
673 3601 807 3663 remissie
830 3600 966 3681 peeeaiis
984 3602 1016 3660 in
1037 3597 1137 3679 gratia
1157 3598 1229 3673 aiut,

306 3685 389 3745 etin
412 3685 546 3746 Domino
569 3682 703 3745 debeant
724 3684 869 3765 gaudere.

370 3768 419 3831 16.
446 3768 511 3828 lrno
540 3766 656 3827 nullum
686 3764 808 3827 actuale
829 3772 991 3847 poenatem
1012 3762 1166 3845 allegant,
1199 3769 1230 3823 et

305 3858 409 3913 tamen
433 3850 647 3911 miserabiliter
669 3848 804 3910 clamant
825 3857 856 3910 et
879 3855 988 3929 petunt
1007 3846 1139 3928 gratiam
1161 3843 1229 3923 Del,

304 3942 339 3995 ut
360 3940 409 3997 eet
429 3935 461 3994 in
485 3932 614 3993 Psalmis
636 3931 750 3993 videre.

371 4022 420 4081 17.
443 4016 552 4079 Oratio
571 4015 734 4077 Dominioa
755 4013 795 4076 ab
815 4015 887 4094 ipae
903 4014 1039 4075 Domino
1061 4014 1229 4073 aneta-et
