3159 4792
449 506 453 512 '
552 514 586 568 de
604 514 729 584 digamia
746 514 952 583 spisoapmom.
1154 510 1217 578 367

310 700 363 764 444
384 696 482 761 Simul
511 705 647 776 4444444,
657 740 660 743 -
684 699 848 779 digamiam
882 716 962 779 opus
984 700 1040 759 Dei
1073 718 1157 778 4444,
1187 718 1214 759 ⁴a

290 782 395 843 Ρ4444
411 783 590 862 probatum,
624 791 656 843 et
676 784 706 842 in
730 782 946 843 benedictione
969 783 1040 861 Dei,
1073 782 1151 843 aen.
1177 786 1214 862 4,

289 867 558 946 eomprehansum

310 953 361 1015 50.
386 949 419 1010 84
439 969 514 1010 vero
536 948 714 1009 scandalum
738 957 800 1029 444,
836 949 947 1029 apud
939 950 1051 1029 impios
1073 900 1178 1029 Papist
1179 968 1214 1009 as

290 1032 472 1093 scandalum
494 1039 558 1107 444,
593 1033 702 1111 quibus
730 1033 835 1093 omnia
856 1032 1013 1093 verbat
981 1040 1013 1093 et
1040 1050 1136 1112 opera
1157 1033 1213 1091 Dei

290 1116 367 1176 nihil
388 1115 447 1175 nisi
469 1078 647 1176 seandalum
670 1121 750 1176 sunt.
1191 1142 1195 1149 ·

311 1205 362 1263 51.
387 1198 455 1259 Huc
477 1200 560 1260 valet
581 1200 741 1279 ipsiusmet
762 1198 849 1259 Pauli
870 1199 1054 1278 exemplum,
1070 1200 1127 1277 ‘qui
1143 1216 1212 1259 4444

290 1282 504 1353 inservimus
532 1289 680 1360 numerat,
709 1287 736 1343 1.
760 1281 986 1343 Corinthiorum
1017 1284 1147 1361 septimo
1171 1281 1215 1341 di·

289 1384 378 1440 sens,
399 1384 454 1425 eos
476 1366 558 1426 velle
574 1385 682 1425 omnes
705 1382 774 1424 4444
798 1366 876 1424 44444
893 1382 927 1423 44
948 1366 1058 1444 ipsum.

309 1452 358 1512 52.
381 1448 422 1507 Et
443 1457 560 1526 tamen,
586 1453 612 1513 l.
635 1448 862 1509 Corinthiorum
885 1466 980 1525 nono,
1009 1448 1066 1508 sibi
1089 1454 1120 1507 44
1141 1449 1217 1507 Bar-¹
1311 1482 1314 1487 ,

289 1531 391 1593 nahae
414 1534 535 1611 sopiam
557 1533 631 1591 44444
652 1530 830 1595 4444444444
859 1532 966 1590 uxoris
986 1528 1211 1592 4444446444)-

290 1615 358 1691 dae,
380 1616 525 1694 exemplo
548 1616 677 1675 aliorum
699 1612 923 1693 apostolorum.

311 1702 361 1762 53.
386 1697 473 1772 Quae
495 1700 588 1779 eopia
609 1698 683 1757 nihil
705 1702 802 1773 esset,
833 1697 1004 1775 frustraque
1025 1698 1153 1774 4444444,
1189 1698 1213 1755 si

289 1781 423 1862 digamia
447 1781 622 1861 prohiberet
642 1780 818 1859 apostolum
842 1787 895 1840 aut
910 1782 1092 1860 episcopum
1113 1798 1190 1842 4444.
1260 1768 1273 1789 ’

309 1867 360 1928 64.
383 1864 427 1924 Et
450 1868 517 1945 ipse
548 1865 770 1943 Hieronymus,
807 1862 923 1942 alioqui
959 1864 1132 1944 nuptiarum
1166 1880 1212 1923 se-

289 1948 458 2008 cundarum
479 1966 560 2027 pene
589 1948 701 2024 hostis,
734 1954 838 2007 tamen
867 1946 1002 2007 defendit
1030 1949 1211 2028 episeopum

289 2032 374 2091 illum
398 2032 578 2111 Hispanum,
601 2033 652 2109 qui
675 2030 815 2110 digamus
837 2031 944 2095 fuerat

308 2119 365 2179 56:
382 2109 423 2175 Et
443 2122 527 2174 44444
546 2115 680 2194 colligit:
708 2114 740 2174 84
761 2120 923 2194 444444444,
946 2114 1108 2173 multorum
1132 2132 1213 2173 ssor-

288 2206 388 2257 torum
416 2199 477 2276 vir,
511 2205 616 2296 potest
604 2196 708 2258 tlieri
740 2198 921 2276 episeopus,
961 2216 1022 2256 non
1058 2197 1212 2276 prohiberi

287 2281 448 2340 meliorem
473 2283 561 2340 nnius
581 2280 738 2341 seoundae
761 2280 927 2339 uxorculae
956 2282 1109 2339 maritum.¹

309 2368 358 2428 46.
381 2363 447 2423 Neo
468 2364 499 2425 8
521 2364 642 2443 August
629 2365 685 2424 tini
707 2364 860 2424 contraria
886 2371 994 2422 senten
997 2364 1048 2439 444,
1070 2363 1142 2422 lieet
1164 2382 1211 2422 re—

287 2455 389 2527 cepta,
412 2447 575 2526 quidquem
599 2448 693 2509 habet
713 2448 872 2527 momenti,
894 2445 1057 2525 quamsit,
1092 2447 1209 2526 episeo-

285 2549 360 2611 pnm
382 2530 496 2591 dobere
520 2531 673 2591 Christum
695 2531 783 2590 unius
812 2530 965 2591 ecelesiae
994 2548 1141 2609 sponsum
1162 2550 1209 2590 44-

285 2621 496 2693 praesentare.
1081 2636 1086 2655 ¹

305 2702 356 2762 67.
379 2695 497 2757 Eadem
518 2698 638 2757 ratione
672 2696 800 2776 quilibet
830 2696 965 2757 ooniunx
994 2704 1123 2776 uagetur
1146 2716 1208 2757 mo·

286 2799 439 2861 nogamus
462 2798 540 2858 4444,
563 2798 632 2839 aum
655 2787 752 2840 totum
776 2780 953 2859 coniugium
972 2779 1145 2858 (Ephesios
1159 2784 1206 2858 6.)
1312 2860 1315 2872 s

285 2865 440 2924 Christum
463 2871 494 2923 44
514 2863 677 2941 eeclesiam
699 2869 919 2943 repraesentet.

327 2949 379 3012 58.
402 2946 481 3021 Quin
515 2948 663 3027 virginem
694 2953 857 3027 cogeretur
888 2946 1063 3024 episeopus¹
1085 2960 1208 3006 servare

285 3048 374 3091 suam
396 3050 540 3108 uxorem,
571 3035 606 3091 ut
627 3030 748 3091 Christo
769 3030 896 3111 virginis
919 3029 1069 3088 444144444
1091 3045 1207 3109 sponso

283 3114 497 3193 responderet.

305 3200 356 3262 59.
380 3197 476 3257 Simul
498 3203 529 3257 et
547 3196 709 3277 repudiare
730 3196 864 3274 aliquam
889 3195 1022 3275 priorem
1044 3201 1207 3275 teneretur,

285 3282 367 3340 siout
389 3280 527 3340 Christus
547 3280 720 3359 repudiavit
740 3296 946 3359 synagogam.

306 3367 357 3429 60
379 3363 499 3423 Deinde
523 3370 643 3423 mortua
664 3381 763 3423 uxore
797 3381 857 3441 qua
879 3362 979 3422 forma
1001 3362 1058 3421 erit
1080 3380 1207 3441 agamus

284 3448 468 3527 episeopus,
485 3447 607 3508 Christo
629 3445 783 3507 444444444
805 3447 870 3505 viro
893 3444 1020 3505 similis?

306 3534 355 3593 64
381 3530 412 3591 84
440 3531 533 3610 igilur
559 3550 689 3591 neeesse
722 3535 806 3589 44444
833 3529 1006 3609 symbolum
1037 3529 1147 3589 Christi
1177 3535 1209 3587 at

179 3629 180 3632 ’
283 3613 437 3673 ecelesiae
472 3615 634 3693 praestari,
669 3614 744 3674 satis
777 3613 808 3671 in
844 3612 1056 3692 singularitate
1091 3598 1209 3691 uxoris,

179 3717 180 3736 *
283 3699 394 3757 etiam
401 3697 419 3755 4
441 3697 566 3777 digamo
588 3704 620 3757 44
640 3698 771 3776 trigamo
793 3702 1009 3775 praestaretur.

305 3783 356 3842 62.
379 3780 459 3839 Dato
493 3788 524 3840 et
545 3780 683 3840 nondum
709 3796 875 3875 consuesse,
908 3781 989 3839 inter
1010 3786 1118 3859 gentes
1151 3798 1207 3858 pro

284 3864 413 3925 erimine
445 3870 477 3923 44
507 3863 655 3923 soandslo
685 3863 805 3922 denseri
838 3863 1042 3942 pluralitatem
1077 3880 1206 3921 uxorum

179 3963 180 3980 ¹
283 3946 421 4006 Mosaios
442 3948 517 4027 lege·
534 3952 688 4008 statutam

304 4032 353 4092 63.
378 4030 420 4089 Ut
441 4033 519 4091 inter
549 4035 659 4108 gentes
681 4028 793 4092 4444444
825 4028 934 4109 alege
955 4028 1050 4107 44444,
1080 3980 1206 4107 propter
