3159 4792
355 508 418 573 158
698 510 851 569 centaurii
868 513 940 569 rato

360 663 628 742 excarnificantur,
640 664 758 724 scilicet
771 664 811 725 ad
819 663 1021 745 impossibilia
1033 662 1161 723 tendere
1169 662 1283 741 docti),

359 748 414 809 scd
428 746 621 828 desperando
635 746 726 827 plane
748 754 841 827 atque
855 746 1042 808 effundendo
1052 761 1113 806 ¹cor
1125 742 1153 825 ¹)
1178 762 1282 805 coram

359 832 425 893 Deo
450 830 569 892 dicere:
592 828 724 891 Domine
747 832 840 908 Deus,
864 850 927 891 non
944 828 1044 891 habeo
1067 828 1150 909 quod
1173 828 1283 907 debeo,

358 935 417 975 nec
438 934 579 995 possum:
609 914 657 973 Da
679 913 761 993 quod
784 915 869 974 iubes
893 923 924 973 ct
945 912 1015 974 iube
1037 913 1188 993 quidvis.
1234 912 1284 973 aie

360 1000 440 1059 enim
463 998 653 1079 Augustinus
676 999 796 1058 cratin
819 998 1027 1058 confessione.

741 1162 898 1237 Quintum.

442 1316 555 1375 Verum
578 1316 638 1375 ista
660 1313 698 1373 dc
726 1316 887 1395 proposito
921 1315 994 1376 volo
1033 1321 1123 1375 caute
1143 1314 1285 1393 intelligi.

358 1398 553 1477 Propositum
576 1399 657 1458 enim
680 1398 794 1457 bonum
822 1397 983 1479 dupliciter
1004 1398 1070 1458 fleri
1093 1399 1193 1457 debet.
1225 1399 1286 1457 Pri-

359 1500 440 1540 mum
463 1481 501 1540 de
523 1482 690 1541 manifestis
716 1482 893 1543 mortalibus
916 1488 1049 1559 tantum,
1088 1488 1121 1539 ut
1142 1487 1214 1539 sunt
1235 1481 1285 1540 ad-

359 1565 519 1643 ulterium,
559 1564 779 1643 homicidium,
802 1565 983 1642 fornicatio,
1004 1564 1136 1641 llrrtum,
1166 1567 1285 1643 rapina,

359 1666 459 1725 usura,
483 1647 631 1708 detractio
655 1657 712 1707 etc.
755 1648 871 1709 Horum
894 1649 975 1707 enim
998 1647 1192 1709 vitandorum
1215 1668 1286 1727 pro·

357 1730 488 1810 positum
512 1732 636 1810 proprie
657 1732 789 1815 pertinet
811 1732 851 1790 ad
865 1730 1091 1791 confessionem
1112 1748 1285 1790 sacramen-

359 1814 466 1891 talem,
500 1822 533 1873 et
555 1832 657 1873 coram
683 1814 748 1874 [leo
771 1814 811 1873 ad
839 1813 998 1893 quodlibet
1018 1815 1119 1872 statim
1143 1833 1284 1874 momen-

360 1902 433 1974 tum,
455 1896 618 1976 postquam
643 1904 819 1975 perpetrata
841 1906 922 1974 sunt,
944 1900 1030 1956 iuxta
1051 1896 1127 1955 illud
1148 1897 1284 1956 Ecclesi-

358 1978 507 2052 astioi*):
530 1980 604 2054 Fili,
626 1980 772 2058 peccasti,
796 1982 930 2058 quiesce,
953 2000 992 2039 nc
1013 1977 1139 2039 adiicias
1163 1980 1285 2041 iterum.

358 2062 397 2121 Et
420 2064 509 2121 item:
533 2062 579 2121 Ne
601 2062 702 2122 tardes
725 2066 866 2123 converti
889 2064 928 2123 ad
955 2064 1129 2124 Dominum.

441 2144 594 2225 Secundo,
617 2145 656 2204 de
678 2146 819 2207 omnibus
841 2149 977 2226 peccatis
999 2153 1094 2225 (quae
1117 2146 1283 2224 venialia²l

357 2234 480 2303 vocant,
503 2227 541 2287 de
565 2229 673 2307 quibus
695 2229 790 2311 infra)
802 2248 928 2310 prorsus
946 2248 1057 2289 vanum
1072 2237 1119 2287 cst
1140 2228 1284 2289 laborare

358 2312 397 2371 ad
419 2314 611 2393 propositum
634 2312 838 2374 formandum.
881 2311 960 2387 Quia
971 2315 996 2371 si
1012 2319 1095 2372 recte
1119 2331 1189 2371 sese
1212 2331 1284 2373 con—

360 2395 490 2473 sideret,
512 2396 649 2455 inveniet
669 2393 875 2475 impossibile,
898 2399 923 2455 si
945 2396 1053 2455 saltem
1076 2398 1107 2453 iu
1129 2414 1222 2454 carne
1244 2398 1287 2454 vi-

360 2498 434 2538 vere
457 2478 544 2556 velit,
575 2497 643 2537 curn
668 2484 720 2556 (ut
739 2479 931 2560 Augustinus
951 2480 1009 2558 ait)
1034 2478 1113 2537 haec
1133 2479 1196 2537 vita
1218 2480 1285 2538 sinc

360 2561 470 2621 talibus
498 2581 561 2621 non
583 2564 683 2643 possit
705 2564 769 2642 agi,
800 2566 902 2643 qualia
929 2570 1000 2622 sunt
1028 2564 1120 2639 risus,
1148 2562 1286 2639 verbum,

360 2645 518 2724 cogitatiO,
537 2653 689 2724 aspectus,
705 2646 837 2724 auditus,
855 2654 973 2727 gustuS,
986 2652 1084 2705 tactus
1103 2644 1287 2724 superfluus,

360 2738 413 2785 aut
433 2726 679 2803 inconsideratus
712 2738 768 2790 eto.
813 2731 900 2805 Quae
927 2730 1019 2789 etiarn
1048 2728 1121 2787 talia
1147 2728 1284 2807 quando-

361 2828 420 2889 que
442 2819 522 2889 suut,
544 2816 577 2870 ut
598 2812 745 2871 incertum
768 2816 817 2894 sit,
840 2819 1007 2893 peccatane
1029 2813 1099 2887 sint,
1120 2828 1160 2869 an
1186 2817 1286 2871 tenta·

360 2895 460 2953 tiones
483 2902 702 2973 promoventes
725 2900 843 2960 merita.
885 2896 926 2956 Et
937 2905 1039 2955 tamen
1056 2894 1087 2953 in
1099 2895 1146 2953 his
1166 2896 1286 2971 mirum,

360 2996 452 3056 quam
474 2976 629 3038 laboretur
656 2987 688 3039 et
709 2981 894 3041 obtundatur
925 2980 1084 3040 confessor
1106 2978 1300 3038 verbosissi.

361 3080 412 3121 mo
435 3062 529 3121 modo
553 3061 730 3124 confitendi.
774 3066 873 3126 Debet
901 3068 982 3125 enim
1005 3062 1196 3143 propositum
1220 3079 1283 3121 cer-

360 3151 424 3203 tum
446 3164 525 3223 esse,
548 3153 579 3205 et
600 3166 692 3227 super
703 3150 749 3228 iis,
773 3170 852 3229 quae
865 3159 950 3213 certa
970 3156 1050 3221 sunt,
1073 3150 1104 3204 ct
1126 3148 1284 3204 communi

360 3229 423 3288 vita
445 3228 533 3289 vitari
555 3232 716 3309 possibilia
751 3249 837 3318 sunt,
880 3247 914 3299 ut
934 3241 995 3299 iam
1029 3232 1111 3292 dicta
1143 3230 1287 3288 mortalia

360 3330 489 3405 peccata
509 3333 625 3403 aperta.

758 3490 895 3553 Sextum.

443 3644 491 3703 An
514 3652 642 3724 peccata
664 3642 765 3707 cordis
788 3644 926 3721 occulta,
957 3663 994 3703 ac
1016 3644 1060 3703 sic
1082 3642 1139 3703 soli
1163 3642 1231 3702 Deo
1255 3650 1288 3701 et

360 3724 486 3806 homiui,
510 3729 561 3807 qui
582 3728 654 3787 fecit
675 3748 721 3805 ea,
746 3729 884 3809 cognita,
907 3728 1081 3806 pertincant
1102 3727 1142 3786 ad
1166 3725 1285 3785 confes-

361 3810 479 3870 sionem
501 3810 774 3891 sacramentalem,
813 3819 901 3872 extra
939 3826 1046 3886 mcum,
1074 3815 1197 3889 captum
1230 3817 1287 3870 cst.

432 3994 461 4054 1)
480 3993 511 4046 In
542 3996 584 4047 ed.
612 3996 672 4048 Jen.
692 3994 781 4049 deest:
801 4012 857 4049 cor.
895 3994 928 4063 2)
948 3994 1041 4051 Insa
1061 3997 1146 4065 orig.:
1169 3993 1288 4047 venalia.

434 4064 464 4135 ·)
486 4066 582 4120 arran
600 4068 643 4123 21.
