3159 4792
570 510 679 575 stet·
693 511 730 567 D.
749 510 825 565 hrt.
846 510 980 567 tutlrsrt'
1177 506 1218 575 2¹1

304 695 437 779 pissel),
476 697 536 757 etsi
561 714 625 758 noo
657 716 767 758 omues
797 696 953 758 molossos
976 716 1035 757 neo
1055 696 1168 760 veltres
1188 697 1219 757 in

305 795 370 841 enm
391 780 565 859 emiserim3
585 781 685 861 primu
705 780 831 841 venetio
853 787 910 859 est,
932 780 1033 841 adhue
1053 786 1142 840 tener
1163 787 1220 858 eet,

300 862 410 938 tenero
429 863 504 924 milri
526 863 704 925 treotendoe
724 864 780 924 tuit
795 880 877 942 oure,
900 863 1010 925 etalio
1033 869 1174 943 tempore
1195 864 1221 923 si

215 1018 219 1026 .
305 951 417 1027 perget,
439 941 490 1007 vei
513 946 634 1008 elbonis
654 946 781 1008 sonibus
802 946 1011 1009 inssotendus.

382 1028 460 1089 Esse
481 1035 584 1091 erlem
598 1036 722 1109 ouptssm
742 1030 805 1091 hoo
824 1030 939 1092 iudioio
960 1028 1116 1111 probabis,
1138 1028 1222 1109 quod

307 1111 449 1192 ‹leiuoeps
470 1113 552 1174 sieut
572 1114 729 1194 teptivum
756 1119 788 1174 et
813 1112 992 1175 dilaniatum
1024 1112 1128 1190 deest,
1165 1130 1223 1174 sus

305 1205 411 1275 sponte
425 1197 534 1276 operit,
556 1215 636 1276 queo
657 1203 724 1257 toto
736 1203 851 1257 veneto
868 1196 1079 1258 dissimulavit.
1101 1196 1223 1275 Pugnet

305 1280 380 1339 euim
401 1278 550 1340 adversus
570 1298 672 1341 meum
693 1281 956 1360 propositionem,
982 1276 1127 1359 tunquam
1149 1279 1222 1340 liee-

303 1363 435 1438 retieem,
458 1362 613 1442 solvitque
635 1382 721 1424 mese
739 1364 887 1425 rationes.
935 1363 1004 1425 Hoe
1031 1365 1114 1423 enim
1136 1382 1221 1423 mon·

304 1453 393 1507 strum
415 1446 494 1508 oluit
519 1448 552 1507 in
582 1445 752 1509 viseeribus
791 1445 928 1525 oooulte,
957 1446 1030 1507 dum
1066 1446 1224 1527 fugaretur

304 1535 333 1589 et
352 1537 524 1609 superetur.
554 1530 722 1591 Verseurue
735 1548 810 1611 ergo
822 1531 942 1591 viseere
962 1531 1023 1591 isto
1045 1537 1076 1591 ot
1098 1544 1221 1590 omnem

304 1611 402 1673 limum
425 1613 493 1673 eius
515 1611 724 1691 eonoidomus,
746 1632 785 1674 eo
806 1612 945 1674 detineto
965 1613 1048 1694 pelle
1069 1611 1219 1673 eeorilioe·

305 1714 366 1756 mus
388 1696 513 1756 eumin
535 1695 750 1758 holooeustum
771 1696 923 1772 Domino,
946 1697 971 1756 ei
993 1696 1078 1757 volet
1099 1714 1180 1757 eum.

380 1779 443 1839 Per
471 1778 651 1840 ooronidem
684 1793 770 1839 suom
802 1779 976 1841 lerribiliter
1001 1778 1222 1839 Meehebeeom
1347 1804 1351 1813 ·

304 1869 407 1941 totum,
431 1877 523 1941 quem
546 1860 707 1943 splendido
722 1862 887 1923 Mertinum
909 1862 1099 1923 hoereticum
1120 1863 1222 1921 trium·

302 1945 536 2025 phet'ussunsit
557 1953 659 2007 eutem
683 1946 742 2006 sio:
780 1946 924 2007 Miserum
946 1944 1012 2007 iore
1034 1944 1222 2007 Christiano·

304 2048 365 2088 mm
386 2034 524 2107 sortem,
553 2029 634 2090 siet
653 2029 797 2110 gentibue
820 2036 852 2090 et
871 2028 993 2090 ludosis
1022 2030 1063 2089 sit
1088 2028 1224 2107 interior,

304 2127 378 2190 qnos
398 2121 525 2173 oonstet
545 2112 727 2173 ssoerdotes
749 2130 823 2173 euos
845 2112 910 2172 Diis
932 2112 1085 2174 retulisse.

381 2195 467 2257 Ante
487 2196 598 2256 iooism
618 2196 710 2256 huius
737 2196 893 2276 pigerrimi
928 2195 1051 2275 frigoris
1087 2196 1155 2274 quis
1178 2212 1226 2253 su·

303 2278 435 2339 etineet?
468 2276 509 2339 Ut
528 2284 631 2358 reptet
651 2279 852 2359 ignavissime
878 2284 941 2339 tum
964 2278 1134 2353 sententio,
1162 2282 1226 2337 tum

304 2361 408 2424 orstio.
455 2360 516 2422 Sed
537 2379 598 2423 noo
619 2361 691 2440 quiri
719 2361 781 2422 hoo
813 2360 995 2442 syllogismo
1023 2362 1099 2422 mire
1125 2359 1226 2421 rheto-

304 2443 364 2503 rioo
386 2443 535 2522 molieris,
558 2445 632 2505 sotis
653 2444 812 2525 intelligo,
835 2446 894 2505 nisi
916 2445 995 2506 forte
1017 2444 1225 2523 suspicionem

304 2526 373 2586 milu'
393 2546 498 2607 purus,
521 2528 609 2607 quusi
631 2527 784 2588 eoelssiee
798 2526 975 2589 eeoerdotss
988 2546 1099 2607 negem
1122 2526 1226 2587 reterri

283 2608 370 2687 ¹lieo
390 2615 557 2690 eeoeptos,
584 2611 641 2671 sed
663 2618 696 2671 et
714 2611 795 2671 inter
816 2616 940 2691 gentes,
968 2610 1078 2689 oredo,
1108 2611 1140 2669 in
1163 2609 1226 2669 uui-

304 2694 396 2753 rersis
418 2694 521 2772 poetis
554 2694 614 2754 tois
646 2711 709 2754 non
730 2694 886 2773 invenies,
924 2695 975 2773 qui
1009 2692 1106 2773 tinget
1131 2692 1227 2752 fuisse

303 2774 469 2854 eliquentlo
491 2796 602 2855 unum,
624 2777 690 2837 iure
709 2776 833 2855 divino,
870 2778 1005 2838 omnium
1028 2777 1121 2838 totius
1143 2774 1226 2837 orbis
1336 2818 1339 2829 .

287 2858 502 2919 'secerdotum‘
521 2858 679 2939 gentilium
702 2859 917 2937 monorohem‚
949 2880 1021 2920 num
1049 2859 1129 2919 hene
1158 2876 1226 2919 een·

305 2943 429 3003 tenuem
464 2948 496 3003 lu
518 2942 665 3023 intelligis
695 2949 727 3003 et
758 2943 914 3021 eloquerit
952 2960 1009 3022 per
1048 2941 1226 3003 euoerdotee

304 3020 364 3089 iliis
386 3032 536 3105 eeoeptoe
557 3025 679 3103 referri,
701 3030 972 3104 novosquentum
997 3023 1099 3102 diseo,
1128 3040 1226 3105 grem·

305 3109 424 3186 metius,
447 3109 626 3188 prsesertim
649 3125 718 3169 oum
740 3113 789 3169 tot
809 3106 1110 3188 ubique'religionee
1133 3106 1224 3169 etiem

305 3190 359 3251 sibi
380 3197 566 3272 pugne-rent,
588 3191 718 3253 testibus
742 3192 837 3251 saeris
860 3191 966 3251 literis.

383 3274 448 3336 Sed
463 3275 542 3336 bene
565 3274 668 3353 hebet,
690 3274 774 3354 quod
797 3276 918 3355 tuipse
940 3273 1015 3335 nihil
1038 3273 1176 3348 moreris,
1197 3272 1225 3333 si

305 3356 503 3439 syllogismus
535 3364 606 3419 tuus
634 3359 667 3417 in
695 3357 755 3419 huo
785 3364 874 3437 perte
894 3363 1026 3418 oorruet.
1067 3356 1130 3417 Itur
1151 3370 1226 3435 ergo

304 3439 334 3499 iu
354 3442 512 3521 antiquum
534 3440 663 3519 siloem,
700 3447 733 3501 et
763 3440 805 3501 ed
835 3447 1004 3501 extremum
1028 3437 1102 3499 belli
1123 3438 1228 3515 deeus5

306 3540 417 3604 nempe
443 3524 483 3585 ed
506 3524 679 3600 Aaronem,
714 3543 805 3603 quem
842 3524 1002 3603 glorieris,
1033 3522 1094 3581 iem
1126 3539 1228 3601 poene

306 3606 418 3682 vietor,
451 3608 560 3687 negari
591 3625 654 3667 non
684 3626 778 3685 posse
809 3626 830 3667 e
850 3606 917 3667 Deo
945 3607 1128 3668 institutum.
1170 3603 1228 3663 Hie
1254 3626 1257 3631 ·

305 3691 507 3770 assumptioni
528 3691 660 3751 neotitur
680 3689 890 3770 subsumptio,
911 3688 943 3751 si
964 3690 1092 3764 veteris,
1113 3687 1225 3766 inquis,

305 3771 498 3833 instrumenti
519 3772 623 3834 molto
645 3773 767 3853 penitus
789 3774 920 3851 otiosae,
943 3788 980 3833 so
1001 3770 1126 3833 tandem
1142 3769 1227 3831 dere·

306 3852 396 3915 liotoe
420 3855 500 3935 (tam
522 3854 604 3917 belle
626 3861 658 3917 et
672 3855 763 3917 doote
780 3857 860 3917 inter
873 3853 1122 3917 rhetorioendum
1134 3854 1227 3916 eoem

380 4021 412 4088 t)
429 4021 462 4075 In
480 4019 524 4076 ed.
544 4022 629 4092 orig:
650 4020 785 4090 coepisse.
