3159 4792
352 468 395 535 18
573 470 840 542 Addcgooerotem
859 472 1042 527 Emssrannm

355 661 413 721 tori
438 659 568 740 qno‘dvis
590 659 842 741 intelligendum,
863 658 918 723 tihi
940 659 1069 740 quodvis
1090 659 1279 741 responden-

354 742 429 803 dam
451 742 633 822 reliqueris?
653 743 838 804 Docnerunt
853 750 885 804 te
905 762 1041 805 marones
1064 745 1108 804 tui
1128 745 1173 803 cic
1193 742 1280 823 loqui

354 828 387 885 in
415 829 590 907 proximum
618 826 724 886 tunm?
767 826 953 899 Putasne-et
972 845 1033 908 ego
1055 845 1165 908 queam
1184 825 1281 885 simili

357 908 455 991 ligura
477 918 509 970 te
531 909 673 989 laudare,
695 917 729 975 ut
749 910 828 971 alius
850 916 881 971 te
903 928 1044 988 avarum,
1071 910 1149 970 alius
1171 908 1281 973 libera-

355 993 434 1071 lem,
465 993 544 1053 alins
572 1000 705 1071 castum,
731 994 810 1053 alius
831 993 1027 1055 fornicarium
1056 999 1149 1072 queat
1169 991 1281 1051 intelli-

355 1074 456 1156 gere?
488 1075 521 1138 si
542 1078 678 1157 segniter
698 1076 825 1137 laudare
846 1076 927 1157 apud
950 1076 1086 1137 eruditos
1104 1076 1280 1155 vituperare

356 1158 482 1235 dicitur,
510 1165 626 1238 qncnto
656 1160 753 1240 magis
774 1158 868 1219 dubia
888 1168 918 1220 et
942 1157 1073 1241 figurata
1092 1164 1146 1219 tua
1165 1160 1280 1238 impiae
1351 1232 1355 1235 ,

357 1240 457 1300 landis
485 1242 571 1301 larva
593 1242 662 1322 plns
683 1261 774 1320 qnam
798 1242 888 1327 tripla
908 1243 1091 1323 vituperatio
1113 1241 1188 1302 mihi
1208 1258 1280 1301 cen-

356 1323 456 1384 sendo
475 1324 545 1384 est?
566 1323 670 1404 Atque
692 1325 764 1385 dum
785 1326 861 1386 nihil
883 1323 1031 1403 discernis
1053 1327 1084 1385 in
1105 1326 1182 1386 meis
1204 1324 1280 1407 dog-

355 1405 507 1487 metibus,
536 1409 641 1469 omnia
666 1409 756 1469 simul
783 1410 923 1469 nimirum
953 1410 1161 1471 contaminata
1181 1409 1280 1488 cupis,

355 1491 564 1570 impurissima
591 1491 695 1572 lingua
723 1498 792 1570 tua3
820 1491 907 1553 vides
928 1511 979 1552 ms
1000 1492 1188 1572 intelligere,
1217 1508 1279 1570 qna

354 1573 483 1653 stropha
505 1575 705 1635 rusticissima
721 1575 874 1635 insidieris
889 1573 971 1653 mihi,
994 1574 1139 1636 sacerdos
1152 1574 1278 1635 Domini

355 1662 387 1716 et
409 1658 496 1717 testis
518 1658 676 1720 veritatis?
718 1659 831 1719 Varios
860 1664 971 1719 ventos
990 1658 1158 1737 ,hucusque
1185 1674 1278 1737 passa

354 1747 403 1799 est
424 1741 513 1799 navis
535 1759 622 1819 mea,
650 1760 748 1818 nunc,
772 1749 807 1802 nt
827 1740 935 1821 video,
954 1748 990 1801 ‘et
1011 1747 1119 1802 contre
1142 1742 1279 1801 caeciam

350 1821 426 1964 fflhi
452 1824 662 1903 navigandum
689 1830 753 1902 est,
785 1826 838 1904 qui
859 1823 1000 1885 mendaci
1023 1823 1151 1904 expellit
1171 1822 1278 1885 nubila

377 2004 381 2009 ·
434 1986 565 2064 Vemm,
594 1988 720 2069 quando
748 1988 810 2050 hoo
831 2007 888 2069 pro
911 1988 1029 2050 besano
1050 1994 1105 2050 tuo
1128 1995 1159 2050 et
1181 1988 1279 2068 lydio,

352 2069 435 2150 qnod
459 2068 573 2149 dicunt,
596 2071 700 2152 lapide
721 2071 819 2151 ducis,
841 2071 987 2152 quidquid
1003 2071 1149 2133 Bohemis
1166 2072 1280 2153 placet,

352 2155 413 2214 hoc
435 2154 624 2215 haereticum
648 2174 737 2235 esse,
760 2156 870 2233 miror,
893 2174 1025 2234 quanam
1047 2156 1169 2219 ratione
1190 2162 1222 2215 et
1243 2160 1277 2215 tu

350 2236 483 2298 evadere
513 2255 623 2316 queas,
652 2257 692 2298 ne
719 2240 762 2298 sis
790 2238 999 2299 Bohemorum
1030 2246 1195 2319 patronus,
1227 2239 1281 2317 qni

350 2328 413 2381 tam
428 2320 527 2380 multa
541 2321 634 2401 sepis,
657 2319 821 2401 profiteris,
839 2322 946 2400 tueris,
968 2340 1047 2402 quae
1066 2322 1127 2383 illis
1144 2322 1280 2402 placent.

352 2403 432 2479 Quin
461 2422 538 2483 rogo
567 2423 623 2484 per
652 2405 818 2465 Eccianam
852 2404 934 2465 hanc
966 2404 1160 2465 dialecticam
1189 2403 1280 2465 nobie

356 2486 524 2565 conclude,
558 2492 751 2549 sacramenta
777 2488 943 2568 ecclesiae,
964 2489 1152 2569 nniversam
1179 2486 1282 2567 Scrip-

271 2624 276 2628 .
338 2576 468 2645 turm,
496 2568 528 2630 S.
550 2570 657 2633 Patres
679 2588 749 2631 ease
771 2573 876 2633 omnia
903 2572 1073 2651 haeretice,
1100 2572 1175 2651 qnia
1201 2570 1282 2631 haee

356 2654 483 2734 placent
505 2652 667 2733 Bohemis3
688 2655 815 2735 placent
835 2662 996 2735 praeterea
1016 2655 1162 2717 Bohemis
1185 2653 1283 2714 multa

357 2737 435 2815 elia,
462 2735 600 2797 chrisme
621 2739 704 2818 ipse,
731 2737 837 2799 Sancti
859 2745 890 2798 et
912 2756 1020 2798 omnes
1041 2746 1201 2799 ercamrao
1222 2736 1281 2799 Dei

359 2819 473 2898 honae,
493 2838 570 2900 ergo
597 2827 669 2881 aunt
688 2821 854 2901 haeretice,
875 2819 1049 2883 firmissime
1071 2822 1190 2883 scilicet
1209 2819 1282 2881 Em-

357 2904 501 2963 aerianee
522 2902 705 2965 dialecticae
724 2906 957 2985 consequentia.

439 2985 531 3061 Quod
554 2988 580 3048 si
600 2988 756 3050 haeretica
779 2997 861 3071 sunt,
886 3006 965 3068 quae
979 2988 1126 3051 Bohemis
1147 2988 1282 3067 placent,

293 3108 296 3111 »
356 3089 476 3131 rursum
498 3070 646 3132 haeretici
668 3077 766 3150 erunt,
789 3071 899 3151 quibus
921 3072 1051 3133 Bohemi
1074 3070 1207 3153 placent.
1239 3070 1283 3131 At
1405 3128 1409 3133 .

354 3153 406 3213 hio
431 3154 528 3213 ausim
556 3154 672 3231 iurare,
703 3154 865 3215 Emsernm
896 3172 965 3215 esse
994 3154 1197 3230 haereticum,
1231 3154 1281 3213 cui

355 3237 422 3295 sine
445 3235 540 3296 dubio
563 3236 614 3295 vel
635 3246 752 3315 aarum,
775 3238 826 3298 vel
848 3237 998 3299 uxorcula
1019 3238 1122 3316 aliqua
1137 3236 1281 3298 Bohemi-

355 3335 412 3379 cae
443 3318 587 3381 factionis
622 3319 793 3381 lormoaula
825 3321 924 3401 poscit
957 3321 1099 3401 placere,
1130 3320 1194 3381 imo
1222 3338 1282 3379 nec

356 3419 495 3461 summos
509 3400 673 3481 pontifices
691 3402 731 3463 ab
748 3403 810 3465 hoc
832 3422 905 3464 casu
927 3403 1103 3465 haereticae
1123 3403 1283 3484 pravitatis

355 3486 454 3566 possit
475 3483 539 3545 ulla
560 3485 648 3550 Bulla
671 3487 825 3569 excipere,
847 3504 964 3548 necea
986 3487 1120 3567 quidem,
1144 3504 1223 3567 qaae
1248 3487 1281 3547 in

357 3587 457 3629 coena
482 3568 607 3629 Domini
638 3569 759 3650 legitur.
802 3571 872 3631 letis
901 3570 1027 3631 ludioric
1055 3570 1227 3631 rationibus
1248 3571 1281 3629 in

356 3659 420 3711 tam
449 3652 530 3712 seria
557 3671 592 3712 re
618 3671 676 3713 vos
704 3655 813 3733 optimi
838 3654 979 3735 theologi
1005 3654 1115 3735 vulgus
1142 3660 1282 3715 nostrum

356 3733 497 3808 inlicitis,
521 3741 554 3795 ut
575 3737 641 3795 eius
664 3735 790 3816 indicio,
821 3739 921 3799 statim
945 3735 1052 3798 audito
1073 3737 1282 3800 Bohemoranr

354 3819 499 3894 nomine,
534 3836 613 3898 qnos
640 3819 817 3901 volueritis,
851 3820 1024 3882 haereticos
1056 3820 1192 3900 faciatis,
1224 3838 1285 3881 nee

263 3931 270 3941 ν
354 3907 459 3961 tamen
482 3902 556 3961 estis
579 3903 610 3962 in
631 3901 693 3962 hoc
715 3902 892 3965 fratricidae
914 3911 946 3963 et
963 3902 1239 3985 blasphematores.

356 3996 360 4005 ·
437 3982 516 4045 Sed
533 3984 659 4065 qnando
692 3986 723 4046 in
763 3987 857 4047 haec.
876 3993 1058 4067 portentosa
1084 3986 1281 4050 tenebrarum
