3159 4792
562 547 659 622 eontra
677 547 786 593 errores
807 538 841 594 u.
861 540 942 595 Loth.
1153 520 1215 603 289

286 728 437 802 paternae
460 724 598 786 oaritatis
621 726 797 803 omisimus,
831 731 864 785 ut
886 744 954 785 eum
978 725 1017 786 ab
1039 724 1214 788 huiusmodi

288 806 444 866 erroribus
467 808 703 868 revocaremus?
721 807 888 887 Postquam
914 808 994 867 euim
1016 808 1116 887 ipsum
1141 812 1213 870 uita*

285 890 398 968 vimus,
422 891 522 950 mitius
534 890 567 972 b)
582 910 651 952 eum
666 910 704 951 eo
714 890 884 972 proaedere
899 890 1051 969 volenteu
1072 890 1157 951 illurn
1169 894 1213 953 iu·

287 972 452 1032 vitavimus
475 981 568 1052 atqua
596 981 657 1034 tam
692 994 747 1054 per
781 973 920 1035 diversos
948 979 1111 1050 traotstus‚
1143 993 1213 1035 oum
1251 1038 1259 1045 ,

285 1053 446 1197 Legatos)
470 1065 576 1118 nostro
599 1057 741 1135 habitos,
775 1077 867 1137 quam
891 1075 945 1136 per
967 1056 1070 1117 literas
1093 1067 1213 1118 nostras

285 1138 402 1199 hortati
435 1141 552 1219 uiruus,
575 1145 606 1200 ut
628 1160 647 1201 a
668 1140 833 1221 praedietis
857 1138 1010 1201 erroribus
1033 1137 1213 1217 diseederet,

286 1219 534 1306 autadn0s1),
567 1220 717 1307 oblatod)
741 1224 833 1284 etiam
863 1222 951 1284 salvo
975 1221 1148 1300 eonduotu,
1182 1234 1213 1284 et

285 1305 461 1384 pecuniae)
484 1305 523 1366 ad
545 1307 604 1367 iter
625 1308 816 1383 neeessaria,
839 1306 906 1366 siue
929 1304 1065 1387 metus),
1088 1308 1155 1367 sine
1177 1308 1211 1366 ti·-

286 1406 374 1447 more
396 1386 510 1467 aliquo,
534 1408 622 1469 quern
657 1389 794 1469 perfeeto
804 1386 834 1471 g)
855 1390 965 1449 caritas
985 1388 1067 1449 foras
1092 1390 1214 1461 mittere

238 1540 242 1547 Ι
286 1470 410 1549 debuit,
446 1473 578 1551 veniret,
612 1491 649 1532 ao
678 1471 847 1533 Salvatoris
881 1472 979 1531 nostri
1018 1472 1214 1551 apostolique

285 1552 372 1621 Pauli
395 1552 582 1634 exemploh)
608 1556 724 1615 nonin
748 1554 928 1631 oooultoi),
950 1553 1004 1614 sed
1028 1552 1148 1633 palum,
1181 1564 1211 1615 et

271 1637 316 1723 'in
339 1635 420 1699 faeie
442 1637 628 1717 loqueretur.
671 1637 762 1714 Quod
784 1640 809 1697 si
832 1638 971 1713 fecisset,
1000 1655 1056 1715 pro
1079 1634 1207 1711 osrrok)

287 1726 320 1779 ut
340 1718 531 1797 arbitramur,
553 1720 593 1780 ad
617 1739 671 1781 eor
692 1740 832 1781 reversus
857 1738 977 1781 errores
1002 1738 1074 1779 suos
1097 1739 1210 1801 eogno-

286 1803 394 1880 visset‚
416 1801 508 1874 neol)
534 1806 564 1863 in
585 1804 726 1864 Romana
749 1803 851 1881 Curia,
874 1822 964 1883 quam
988 1812 1210 1883 tantopereva-

285 1887 333 1945 uis
359 1887 581 1949 malevolorum
604 1886 777 1947 rumoribus
801 1887 869 1967 plus
892 1904 982 1966 quam
1007 1887 1142 1965 oportuit
1163 1887 1223 1965 tri-¹

285 1968 410 2029 buendo
433 1970 594 2050 vituperat,
616 1975 662 2030 tot
673 1972 839 2051 reperisset
856 1976 965 2048 errata,
988 1968 1210 2029 docuissemus-

284 2070 345 2131 que
367 2071 437 2112 euru
461 2054 529 2112 luce
550 2052 678 2131 elarius,
712 2059 837 2113 sanotos
856 2052 1013 2113 Romanos
1035 2050 1211 2128 Pontifices,

284 2134 545 2197 Praedeoessores
567 2144 701 2214 nostros,
724 2154 803 2216 quos
825 2142 947 2216 praeter
960 2154 1083 2195 omnem
1106 2134 1209 2196 mode-

283 2219 375 2279 stiam
397 2219 544 2281 iniuriose
566 2219 691 2297 lacerat,
713 2220 743 2278 in
766 2219 830 2279 suis
853 2217 1031 2279 canonibus
1053 2237 1106 2279 seu
1131 2218 1209 2279 Con-

285 2302 510 2382 saltationibus,
531 2321 609 2382 quas
631 2302 772 2363 mordere
794 2302 908 2381 nititur,
929 2311 1138 2380 nunquamm)
1165 2321 1210 2362 er-

284 2404 388 2465 rasse,
413 2386 484 2465 quia
505 2388 591 2446 iuxta
612 2382 799 2466 Prophetam
820 2402 879 2445 neo
899 2384 931 2445 iu
954 2380 1074 2461 Galaad
1095 2382 1210 2458 resina,

284 2485 344 2530 neo
367 2470 503 2529 medious
525 2468 623 2529 deest

323 2556 362 2628 a)
386 2551 465 2614 Vide
488 2550 762 2613 monsuetudinem.
805 2550 911 2629 ltaque
946 2550 1092 2629 agninum
1109 2549 1207 2611 ‚illurn

324 2636 461 2698 balatum
483 2635 616 2713 simulat,
637 2635 689 2714 qui
711 2635 757 2694 sio
777 2634 921 2695 serooiter
942 2632 1083 2713 rugiebat
1105 2631 1209 2712 ruodo,

324 2729 359 2781 ut
380 2719 495 2780 tonitru
518 2719 603 2779 voeis
626 2737 701 2778 suae
723 2735 831 2778 omnes
856 2716 1058 2779 oonterrebat.

325 2803 362 2879 b)
389 2802 438 2862 Ah
461 2802 572 2878 mitius,
595 2802 682 2881 quasi
705 2799 816 2880 aliquis
838 2800 978 2881 ignoret,
1001 2818 1062 2877 quo
1084 2818 1206 2878 prooes-

324 2904 414 2947 surus
435 2885 540 2946 fueris.

324 2972 361 3046 o)
386 2968 486 3030 Etiam
509 2966 661 3048 posthae,
682 2965 837 3043 Luthere,
860 2984 898 3024 ne
922 2962 1028 3023 eredas
1051 2963 1115 3040 eis,
1138 2982 1206 3023 eum

325 3050 422 3113 locuti
444 3052 555 3112 luerint
591 3050 644 3111 tibi
665 3048 758 3114 bona.
801 3048 958 3109 Habitatio
988 3045 1069 3106 enim
1101 3063 1207 3107 eorum

325 3134 357 3197 in
381 3134 483 3197 medio
506 3133 579 3210 doli,
601 3140 633 3194 et
653 3134 820 3211 loquuntur
831 3129 953 3211 quidem
976 3148 1045 3189 ourn
1065 3128 1207 3209 proximo

325 3238 384 3279 suo
406 3237 527 3299 paoem,
549 3217 630 3277 mala
650 3224 754 3276 autem
774 3216 806 3275 in
828 3213 970 3275 cordibus
993 3231 1109 3274 eorum.

326 3302 364 3380 d)
388 3300 514 3374 Fatetur
534 3299 703 3385 perieulum
726 3318 796 3359 esse
817 3300 848 3360 in
871 3314 1008 3366 aooessu.

326 3390 362 3463 e)
388 3384 523 3462 Scimus,
554 3380 679 3443 emebas
700 3382 834 3443 bominis
862 3380 1063 3461 sanguinem,
1098 3385 1131 3438 ut
1151 3397 1207 3458 pro

325 3464 414 3529 libitu
437 3474 490 3529 tuo
512 3465 695 3527 effunderes.
1193 3514 1196 3521 .

325 3550 351 3633 l‘)
373 3550 419 3611 Tu
443 3546 565 3631 quidem
588 3548 664 3610 nihil
686 3547 855 3623 metuebas,
877 3546 935 3606 nisi
956 3545 1018 3607 hoo
1032 3543 1115 3624 quod
1137 3562 1207 3605 eve·

329 3637 383 3713 nit,
405 3654 468 3696 non
491 3650 685 3695 aoosssurum
708 3649 787 3691 eum.
843 3672 846 3677 -

326 3721 365 3798 g)
386 3717 485 3796 Nota,
518 3716 683 3797 perfeetum
707 3715 866 3775 ueritatem
902 3708 996 3773 habet
1016 3706 1090 3768 Leo.
1132 3705 1207 3782 Quis

326 3802 421 3883 paulo
443 3806 517 3862 ante
537 3797 682 3860 credebat
704 3796 785 3857 hoo?

327 3884 366 3963 b)
391 3881 442 3946 Ab
464 3877 635 3962 ‹ruemplo¹

357 4074 390 4140 1)
412 4074 442 4125 ln
460 4072 526 4127 adit.
544 4070 653 4124 llilnolr.
672 4067 763 4122 deest:
782 4066 818 4120 ad
837 4081 898 4119 nos.

314 4178 404 4220 uuum
417 4187 470 4228 opp.
484 4176 512 4219 v.
523 4177 550 4217 s.
564 4176 594 4216 ιι
606 4175 648 4217 nr.
661 4174 712 4215 usa
725 4173 742 4215 ι.
754 4184 774 4223 μ
791 4172 841 4215 vor
852 4170 889 4212 ιι.
997 4134 1037 4197 19
