3159 4792
343 502 408 575 m
643 511 804 583 Disputatio
821 514 857 570 D.
875 514 910 569 Ι.
931 516 961 572 ie

405 696 455 759 22.
482 694 551 759 Hos
577 698 688 779 ntiqui,
721 718 833 763 oense·
863 700 988 763 emendi
1017 721 1074 765 seu
1107 705 1271 764 matenam

343 776 513 840 suhieotam
533 800 596 842 nou
620 783 861 864 considerantes,
884 793 992 848 eontra
1013 785 1115 868 legem
1127 788 1186 847 Dei
1208 786 1271 847 diei

343 860 516 1008 Whffit
537 949 711 1027 pernioiose
731 949 861 1030 doeeut,
883 952 986 1033 legem
1007 952 1065 1012 Dei
1086 952 1272 1033 simpliciter

342 1027 510 1090 tollendam
534 1048 603 1092 esse
624 1032 663 1094 ab
687 1034 841 1113 eeclesia,
877 1035 906 1095 id
940 1035 1023 1115 quod
1052 1034 1270 1114 blasphemum

342 1118 374 1173 ot
396 1113 581 1193 ssemiegurn
603 1122 658 1179 est.

405 1198 453 1260 25.
476 1195 627 1258 Universa
646 1200 727 1259 enim
741 1198 898 1280 Scriptura
914 1180 1016 1281 tradit,
1039 1203 1266 1282 poenitentiam

342 1295 361 1337 e
383 1277 452 1358 lege
476 1280 774 1361 esseiuohoendem‚
795 1283 826 1344 id
850 1284 933 1364 quod
955 1287 999 1347 rei
1019 1286 1116 1365 ipsius
1139 1285 1218 1347 ordo
1236 1293 1271 1346 et

342 1362 533 1441 experientia
554 1382 677 1443 quoque
699 1374 860 1430 monstrat.

403 1446 452 1509 26.
483 1444 709 1511 Convertuntur
733 1451 866 1529 (inquit)
897 1452 930 1511 iu
961 1450 1112 1511 infernum
1146 1470 1269 1530 omnes,

342 1526 393 1605 qui
424 1526 647 1591 obliviscuntur
667 1532 776 1612 Deum,
800 1540 847 1595 et:
881 1533 978 1613 Pone,
1000 1534 1143 1612 Domine,
1174 1535 1268 1615 legis·

341 1608 470 1673 latorem
493 1631 586 1693 super
607 1633 671 1693 eos,
694 1622 727 1675 ut
748 1617 850 1678 soient
868 1617 1090 1678 homines‘eto.

404 1696 454 1758 27.
475 1695 574 1776 Reple
600 1697 695 1759 feoies
718 1717 824 1760 eorum
845 1702 1030 1781 ignominie,
1063 1706 1096 1761 et
1116 1706 1269 1779 quaerent

340 1795 454 1838 nomen
489 1784 589 1856 tunm,
616 1781 768 1862 Domine3
790 1790 834 1843 et:
874 1782 908 1844 ln
940 1783 1084 1863 operibus
1116 1802 1267 1843 manuum

340 1878 463 1923 suerum
486 1864 728 1943 comprehensus
750 1874 800 1927 est
820 1874 977 1946 pensator.

403 1944 452 2007 28.
474 1943 558 2008 Ordo
579 1948 623 2007 rei
645 1954 701 2026 est,
724 1948 808 2029 quod
830 1968 913 2012 mors
935 1957 967 2010 et
987 1955 1152 2030 peceatum
1170 1951 1266 2010 estin

340 2033 449 2086 nature
469 2034 541 2089 ente
562 2031 655 2090 vitem
678 2039 710 2092 et
730 2033 886 2094 iustitiam.

400 2112 449 2173 29.
481 2110 550 2172 Non
581 2115 664 2174 euim
695 2116 766 2175 iusti
802 2122 856 2176 aut
883 2116 945 2177 vivi
978 2135 1103 2196 sumus,
1132 2119 1266 2194 paeoeto

338 2198 391 2252 aut
413 2195 504 2255 morti
526 2195 684 2277 tradendi,
720 2199 774 2259 sed
792 2206 976 2280 pensatores
998 2201 1076 2277 iem,
1098 2205 1131 2258 et
1151 2198 1270 2257 mortui

338 2293 394 2355 per
415 2275 525 2359 Adam,
548 2279 732 2341 iustificandi
755 2290 785 2342 et
807 2282 982 2343 vivificandi
1001 2302 1058 2362 per
1078 2280 1245 2342 Christum.

400 2362 450 2425 30.
482 2361 584 2437 Quare
616 2365 700 2444 prior
727 2364 887 2426 doeendus
922 2372 969 2426 est
989 2364 1090 2425 Adam
1125 2362 1177 2441 (id
1208 2368 1266 2440 est,

339 2450 503 2522 peooeturn
525 2453 557 2507 et
584 2451 698 2525 mors),
732 2450 783 2527 qui
818 2448 917 2509 forme
945 2456 992 2510 est
1021 2448 1114 2509 futuri
1141 2446 1266 2525 Christi,

340 2534 452 2605 postea
474 2527 616 2589 doeendi.

400 2610 451 2671 31.
479 2610 643 2673 Pensatum
676 2633 750 2675 vero
781 2620 814 2675 et
834 2631 919 2675 mors
950 2632 1012 2675 non
1044 2632 1102 2693 per
1136 2612 1265 2674 verbum

338 2692 456 2835 grntiop
492 2698 524 2754 et
560 2694 681 2776 solatii,
719 2695 774 2757 sed
811 2715 866 2777 per
904 2698 1006 2777 legem
1046 2714 1178 2757 neeesse
1217 2701 1267 2756 est

339 2774 472 2836 ostani.
1100 2820 1104 2830 ,

399 2860 449 2923 32.
476 2858 677 2940 Experieutie
696 2868 759 2942 est,
795 2863 877 2942 quod
900 2861 1000 2923 Adam
1022 2861 1106 2941 prius
1127 2862 1266 2941 arguitur

338 2939 416 3021 legis
439 2948 658 3025 transgressor,
680 2952 753 3026 post
772 2966 829 3026 per
850 2964 957 3007 semen
980 2944 1115 3005 mulieris
1133 2945 1267 3025 promis·

337 3043 404 3084 snm
428 3027 555 3107 erigitur
576 3034 634 3089 ete.
756 3056 760 3061 ·

401 3108 450 3171 33.
478 3108 518 3170 Et
541 3110 641 3171 David
675 3112 758 3191 prius
782 3112 853 3192 lego
881 3130 937 3191 per
956 3110 1080 3171 Nathan
1102 3108 1265 3186 occiditur,

336 3188 507 3253 diaeonus:
540 3193 587 3255 Tu
609 3214 642 3255 es
664 3194 717 3255 ille
738 3202 809 3273 ete,
836 3204 909 3275 post
937 3193 1101 3274 evangelio
1124 3200 1266 3255 servatur

337 3272 476 3335 dieente:
499 3274 570 3336 Non
593 3279 731 3339 morieris
754 3283 812 3339 eto.

400 3358 449 3421 34.
473 3356 585 3419 Paulus
607 3362 689 3440 prius
712 3361 782 3441 lege
799 3366 969 3440 prostratus
993 3358 1092 3419 audit:
1116 3356 1198 3432 Quid
1215 3378 1265 3418 me

319 3442 553 3521 ,persequerisi
577 3450 648 3521 post
670 3444 834 3524 evangelio
856 3441 1044 3504 vivifieatnr:
1082 3440 1182 3522 Surge
1204 3448 1265 3503 ete.

399 3526 448 3588 35.
476 3524 516 3584 Et
546 3526 613 3604 ipse
645 3527 783 3588 Christus
812 3526 904 3587 hiero.
929 3530 960 3588 1:
1005 3525 1211 3586 Poenitsmini
1233 3530 1266 3585 et

337 3606 454 3667 enedite
476 3609 653 3689 evangelio,
675 3610 934 3691 appropinquavit
958 3610 1182 3689 enimreguum
1195 3608 1263 3669 Dei.

401 3691 449 3754 36.
477 3690 605 3753 lterum:
634 3692 778 3775 Oportuit
798 3695 831 3753 in
854 3692 981 3753 nomine
1002 3692 1069 3751 eius
1089 3690 1265 3771 praedicari

340 3773 561 3852 poenitentiam
585 3781 615 3836 et
636 3777 849 3838 remissionem
871 3782 1078 3856 pennatorum.

309 3884 313 3889 ¹
400 3855 449 3918 37.
481 3854 532 3916 sie
561 3864 592 3918 et
624 3859 747 3939 spiritus
779 3860 878 3940 primo
913 3860 1014 3940 arguit
1044 3855 1191 3918 mundum
1225 3856 1266 3917 de
1347 3936 1351 3943 Ι

336 3942 483 4015 paeonio,
517 3946 551 4000 ut
572 3939 663 4001 fidem
686 3940 799 4003 dooeat
817 3944 850 4003 in
872 3942 1044 4019 Christum,
1074 3938 1107 4001 id
1130 3947 1193 4017 eet,
1216 3958 1266 3999 re-

338 4018 515 4080 missionem
537 4029 747 4104 peeeatomm.
