3159 4792
366 486 428 553 336
732 488 937 563 Disputationes

365 679 464 739 sancti
490 677 634 742 doctores
667 688 801 744 utuntur.
844 684 874 743 l.
898 684 960 745 Aut
993 682 1104 744 eadem
1131 685 1292 763 sequentia

323 758 333 766 ’
365 760 548 821 studendum
583 771 631 823 est
651 765 682 823 in
712 766 892 845 morculpho
920 766 970 827 vel
991 768 1022 827 in
1046 766 1180 830 tabernis
1204 768 1292 829 rusti·
1408 804 1409 809 κ

366 863 481 905 corum.
524 850 553 910 b.
576 846 647 907 lmo·
663 855 859 926 sequeretur,
897 849 979 927 quod
1012 851 1043 908 in
1066 850 1204 910 omniurn
1227 870 1290 911 om·
1408 924 1409 933 ¹

365 927 455 990 nibus
481 930 517 1003 (i.
544 930 577 989 iu
613 928 724 1013 nullis)
755 932 948 993 sermonibus
981 942 1064 993 esset
1095 932 1292 1010 studendum,

365 1011 437 1091 quia
474 1013 610 1072 omnium
639 1013 790 1092 aliquibus
827 1021 951 1075 utuntur
979 1014 1089 1077 verbis.
1141 1014 1170 1081 6.
1195 1017 1292 1077 Huius

363 1112 439 1173 ergo
461 1097 685 1175 consequentia
698 1097 846 1178 Magister
867 1118 931 1159 non
954 1106 1016 1159 tam
1034 1100 1157 1179 ignorat
1179 1118 1291 1177 vocem

362 1178 517 1256 propriam
546 1198 615 1239 cum
646 1181 735 1239 asina
755 1180 882 1241 Balaam
916 1200 1007 1260 quam
1030 1200 1098 1241 cum
1122 1183 1212 1242 asino
1237 1182 1292 1243 Gu-

363 1277 458 1321 mano
480 1261 572 1321 rudit.
614 1267 644 1327 7.
667 1262 707 1323 Et
729 1282 851 1323 omnem
876 1264 1027 1326 eiusmodi
1041 1265 1214 1344 sophistam
1241 1286 1292 1345 pa-

365 1347 409 1402 tet
431 1342 545 1405 frustra
567 1352 687 1425 tempus
708 1348 739 1405 in
765 1347 855 1407 Arist.
879 1346 1049 1427 perdidisse
1071 1355 1105 1409 et
1124 1356 1289 1409 1111111111-

363 1431 426 1486 tam
447 1428 599 1489 inscitiam
622 1431 744 1491 emisse.
788 1431 818 1493 8.
841 1429 873 1490 Si
901 1431 969 1509 quis
1000 1431 1146 1491 terminos
1170 1431 1293 1511 logicae

364 1515 394 1569 et
423 1508 642 1591 philosophiae
673 1514 703 1571 in
726 1512 916 1593 theologiam
936 1512 1029 1575 ducat
1052 1518 1200 1590 (neccsse
1221 1520 1294 1593 est),

363 1597 397 1653 ut
413 1588 600 1657 horrendum
611 1596 707 1657 cahos
730 1614 866 1657 errorum
880 1596 1003 1657 condat.
1047 1600 1075 1661 9.
1089 1596 1293 1677 Philosophia
1384 1632 1386 1635 ·
1408 1642 1409 1663 r

363 1674 403 1735 de
430 1690 516 1741 motu
536 1676 656 1741 infinito
680 1680 836 1758 principiis
864 1699 964 1739 rerum
994 1682 1079 1739 iuxta
1102 1680 1193 1743 Arist.
1218 1680 1294 1741 nihil

365 1759 495 1838 prodest
524 1761 566 1822 ad
589 1762 788 1841 theologiam.
838 1764 880 1827 10.
904 1762 1090 1826 Permittitur
1111 1764 1214 1843 potius
1238 1782 1293 1843 pro

364 1845 546 1907 exercendis
575 1853 606 1905 et
626 1843 769 1924 aptandis
799 1845 931 1925 ingeniis
959 1844 999 1905 ad
1025 1846 1190 1907 humanam
1222 1866 1293 1919 cou-

367 1929 585 1990 versatiouem.
633 1933 679 1990 11.
700 1927 902 2008 Philosophia
912 1928 952 1991 de
967 1930 1082 1991 naturis
1104 1935 1137 1989 et
1158 1932 1294 2009 proprie-

367 2008 480 2071 tatibus
508 2030 608 2072 rerum
634 2009 798 2094 (sophistis
831 2010 1043 2094 ignotissima)
1069 2012 1151 2072 utilis
1181 2022 1229 2072 est
1254 2012 1294 2071 ad

310 2145 319 2160 .
364 2094 697 2175 sacramtheologiom.
739 2095 788 2156 12.
812 2092 870 2168 Qui
893 2094 975 2174 dicit,
998 2090 1296 2175 sacrospatres‘per

365 2172 558 2239 dialecticam
580 2196 649 2239 oum
671 2176 762 2239 laude
774 2176 948 2239 haereticos
972 2178 1148 2240 confutasse
1171 2178 1221 2239 vel
1244 2179 1295 2239 de-

367 2256 512 2323 clarasse.
556 2261 654 2324 1111
689 2259 763 2321 nihil
798 2258 880 2320 aliud
908 2261 1000 2340 11111,
1038 2280 1129 2341 quam
1154 2262 1238 2340 qnod
1261 2262 1293 2324 S.

366 2349 472 2421 patres
506 2362 625 2405 summa
645 2344 816 2424 ignominia
848 2343 988 2421 conficit,
1020 2364 1078 2405 uec
1101 2363 1135 2405 se
1158 2364 1292 2424 uuquam
1408 2338 1409 2347 ’

365 2424 499 2503 aliquem
535 2428 693 2488 doctorem
730 2426 922 2489 intellexisse
961 2428 1105 2488 ostendit.
1160 2431 1206 2491 14.
1233 2428 1294 2503 Qui

364 2517 489 2571 sanctos
512 2510 561 2571 dei
583 2510 658 2576 colit
677 2517 804 2589 propter
827 2510 1018 2590 temporalia,
1041 2510 1185 2591 neglecta
1208 2514 1292 2591 prius

364 2592 499 2669 petenda
525 2592 626 2653 salute
657 2594 798 2673 spiritus,
837 2601 945 2654 contra
976 2592 1147 2655 doctrinam
1177 2594 1294 2654 Christi

364 2675 446 2735 lacit.
492 2680 538 2740 15.
561 2676 602 2735 Et
622 2680 671 2755 qui
694 2676 775 2735 hauc
797 2674 967 2737 doctrinam
992 2677 1204 2754 calumniatur,
1228 2698 1292 2739 non

364 2764 427 2818 tam
451 2765 498 2819 111
518 2759 651 2820 insulsus
673 2760 822 2839 sophista,
846 2779 936 2838 quam
959 2760 1070 2839 impius
1085 2762 1129 2839 (si
1151 2768 1291 2839 perstet)

364 2840 559 2904 haereticus..

447 2926 551 2987 Tertia
572 2925 737 3005 disputatio
755 2922 889 3003 Lutheri,
912 2926 1033 3005 quaein
1053 2926 1293 2988 collectionibus
1408 2938 1409 2951 ¹

365 3028 494 3089 operum
516 3012 582 3070 eius
604 3029 667 3069 non
681 3009 845 3087 invenitur,
867 3009 980 3071 ibidem
1002 3031 1032 3089 p.
1047 3014 1083 3073 ll
1106 3010 1149 3069 ita
1163 3010 1293 3091 legitur:
1408 3028 1409 3045 ¹

448 3091 596 3167 Quaestio
620 3091 798 3172 theologica
814 3112 883 3152 cum
906 3100 1025 3171 septem
1039 3092 1293 3155 conclusionibus

366 3175 405 3236 de
426 3176 558 3236 naturali
578 3176 719 3255 potentia
742 3174 909 3235 voluntatis
932 3176 1134 3249 1111111111).
1158 3176 1197 3235 M.
1220 3176 1268 3239 L..

410 3318 413 3326 ,
446 3258 555 3319 Utrum
589 3258 732 3319 voluntas
765 3259 898 3321 hominis
932 3278 976 3319 ex
1007 3259 1196 3323 uatmalibus
1227 3260 1292 3321 suis
1408 3278 1409 3281 ¹

364 3343 465 3421 possit
484 3342 528 3402 ita
549 3341 677 3422 diligere
700 3342 813 3406 bonum
837 3343 934 3403 maius
957 3349 988 3403 11
1008 3343 1188 3421 maximum,
1212 3344 1295 3404 sicut

364 3431 469 3504 potest
489 3426 589 3486 minus
612 3432 644 3485 ct
665 3425 833 3486 minimum.
878 3426 1044 3487 Conclusio
1066 3431 1114 3487 est
1134 3428 1292 3506 negativa.

365 3508 481 3571 Coroll.
521 3512 548 3572 1.
570 3506 722 3571 Voluntas
746 3528 808 3569 non
829 3516 935 3589 potest
954 3528 988 3569 11
1011 3509 1207 3570 conformare
1231 3510 1294 3571 dic·

365 3592 472 3651 tamini
492 3598 597 3662 rectae
618 3593 746 3654 rationis
770 3593 957 3655 naturaliter.
1002 3593 1143 3656 1111111
1167 3598 1294 3653 natura·

290 3712 294 3719 ·
364 3674 403 3734 lis
424 3693 483 3735 nec
503 3683 619 3736 rectum
632 3675 726 3737 habet
748 3675 911 3736 dictamen.
956 3678 983 3739 3.
1006 3675 1081 3745 Non
1099 3681 1147 3735 est
1160 3677 1292 3754 mirum,

365 3757 447 3837 quod
471 3760 613 3819 voluntas
636 3764 740 3838 potest
749 3758 877 3839 diligere
896 3766 1064 3820 creaturam
1081 3765 1186 3822 etncn
1205 3778 1292 3820 crea-

365 3846 473 3902 torem.
516 3844 545 3909 4,
567 3842 676 3901 Mirum
699 3848 762 3918 est,
796 3844 917 3921 quotics
940 3841 1041 3923 diligit
1062 3848 1236 3907 creatorem
1260 3851 1294 3903 et

365 3941 429 3984 non
451 3931 632 3986 creaturam.
675 3926 847 4004 abicere,
876 3926 958 4005 quod
983 3944 1060 4005 opus
1083 3924 1198 3987 bouum
1221 3926 1293 3986 sine

364 4007 464 4084 gratia
494 4027 557 4069 nen
597 4009 637 4067 sit
657 4016 835 4088 peccatum,
874 4012 922 4073 est
963 4007 1078 4089 duplex
1115 4015 1293 4089 peccatum.
