3159 4792
361 498 425 569 446
686 502 844 574 Disputatio
861 500 896 557 b.
914 502 951 558 lt.
969 503 1000 559 h.

424 689 474 755 40.
496 686 571 749 ideo
604 706 667 750 non
689 687 761 749 lieet
789 688 934 769 privatis,
965 642 1192 767 qualesouaies'
1212 686 1283 765 sint,

363 772 423 833 hae
444 790 522 853 paea
543 778 718 853 prasoepta,
741 773 844 834 faeere
864 770 916 833 vel
937 771 1016 832 ferre
1037 772 1098 831 vim
1120 771 1283 852 privatam,

364 855 418 916 sed
441 856 638 938 magistratus
656 862 704 917 est
724 855 927 917 invoeandus.

424 940 475 1037 ti,
499 939 640 1001 Ceterum
663 940 859 1021 magistratus
879 938 980 1019 impii,
1010 944 1138 1041 propter
1157 936 1282 1035 religio:
1407 979 1408 990 .

363 1040 444 1103 uem,
464 1023 497 1084 sd
520 1028 577 1096 est,
598 1030 725 1104 propter
745 1022 875 1104 primam
898 1022 1033 1084 tabulam
1055 1021 1164 1082 volunt
1185 1020 1283 1081 viden
1407 1059 1408 1068 ¹

363 1125 467 1188 agere,
490 1106 573 1187 quod
595 1113 699 1189 agunt.
777 1142 780 1151 Δ

426 1192 476 1253 42.
498 1190 675 1251 Eiarinon
687 1188 796 1251 volunt
807 1188 986 1251 melioribus
997 1188 1166 1266 informari,
1188 1185 1283 1249 habet
1407 1237 1408 1240 ¹

363 1272 466 1335 looum
480 1271 620 1337 doctriua
630 1273 756 1335 Christi:
778 1272 876 1351 Vade,
892 1272 1002 1351 vende,
1023 1272 1174 1353 relinque,
1197 1270 1284 1349 oede,

364 1356 458 1439 perde
480 1357 594 1436 omnia,
617 1358 709 1417 etiam
730 1358 831 1437 ipsam
852 1357 997 1437 animum,

426 1442 476 1505 43.
499 1438 580 1515 Quia
600 1441 680 1501 ultra
701 1458 832 1523 regnum
867 1440 929 1501 hoo
950 1438 1057 1499 mundi
1078 1457 1142 1499 non
1165 1444 1215 1498 est
1237 1454 1284 1497 su·

363 1525 465 1605 parius
486 1523 569 1584 aliud
590 1541 735 1604 regnum,
769 1522 854 1605 quod
887 1542 943 1605 pro
973 1522 1064 1586 nobis
1094 1527 1204 1583 eontra
1222 1520 1284 1582 hoe

363 1626 492 1690 regnum
514 1614 584 1686 stet,
606 1609 664 1668 nisi
687 1606 762 1669 illud
784 1611 943 1668 aeternum
965 1624 1094 1688 regnum
1116 1606 1184 1666 Dei.

367 1722 371 1731 «
428 1692 478 1755 44.
499 1690 546 1752 Ita
568 1690 624 1753 snb
646 1692 827 1772 magistratu
852 1690 1037 1773 prohibente
1061 1688 1175 1750 malum
1198 1693 1283 1748 tene

364 1794 432 1837 mur
453 1774 594 1854 obedire,
618 1780 650 1835 et
670 1794 733 1836 non
750 1776 845 1853 ferre,
877 1774 933 1836 sed
953 1775 1097 1836 resistere
1118 1772 1203 1833 mulo
1225 1772 1284 1832 vir-

364 1864 430 1920 tute
452 1858 607 1919 secundus
627 1858 762 1919 tabulae.
1168 1865 1171 1872 ’

425 1943 475 2006 45.
497 1942 687 2023 Magistratui
716 1960 791 2003 vero
830 1941 976 2004 inferenti
1006 1939 1120 2001 malum
1154 1943 1282 2019 propter
1406 1949 1409 1956 ’

365 2026 493 2104 primam
513 2026 649 2087 tabulam
674 2025 784 2106 (aliem
806 2044 931 2087 oausam
944 2023 1059 2085 hebere
1072 2040 1137 2084 non
1158 2023 1281 2103 potest)

364 2126 427 2171 non
449 2114 497 2169 est
514 2109 728 2170 resistendum.

427 2194 475 2256 46.
500 2190 579 2267 Quia
600 2210 664 2254 non
685 2193 834 2254 habemus
856 2192 951 2252 alium
973 2190 1206 2271 magistratum,
1227 2185 1283 2248 sub

365 2294 426 2355 quo
448 2276 633 2357 prohibente
655 2276 769 2337 maium
790 2276 879 2336 istius
900 2277 1098 2357 magistratus
1118 2289 1283 2353 possemus

364 2367 417 2420 eut
440 2358 622 2421 deberemus
644 2361 797 2423 resistere.

426 2445 476 2507 47.
498 2443 583 2506 Sient
604 2462 667 2505 non
687 2442 836 2505 habemus
858 2440 951 2502 aliam
964 2440 1120 2520 quandam
1142 2437 1282 2501 tabulam

364 2525 542 2606 seeundum,
562 2532 689 2608 propter
703 2543 796 2606 quam
817 2524 961 2609 lieeretl)
975 2529 1083 2586 eontra
1096 2524 1193 2604 istam
1202 2522 1285 2602 prio-

365 2625 431 2672 rem
454 2626 557 2691 agere.
722 2620 725 2625 “

427 2693 478 2757 48.
500 2692 619 2755 Tabula
641 2693 722 2753 enim
747 2692 898 2773 seounda,
920 2692 1053 2753 siout'et
1074 2691 1285 2772 magistratus,
1407 2673 1408 2736 ἶ

365 2777 520 2860 pertinent
541 2777 580 2839 ed
602 2778 684 2838 hane
712 2778 806 2839 vitum
829 2775 952 2855 mundi,
988 2774 1134 2836 divinitus
1169 2773 1234 2834 dati
1254 2778 1288 2834 et
1407 2815 1408 2818 ¹

366 2862 532 2923 eonstituti.
575 2892 576 2899 κ
1139 2905 1142 2907 ,

425 2946 476 3009 49.
497 2945 571 3007 ideo
595 2950 737 3007 nostrum·
756 2963 821 3005 non
843 2949 906 3023 est,
927 2942 989 3005 imo
1012 2941 1201 3023 prohibitum
1225 2944 1285 3019 est,

356 3027 516 3109 'dissipare
544 3030 740 3110 magistratus
768 3034 801 3089 et
827 3026 952 3108 politiae
980 3044 1001 3086 a
1021 3026 1090 3087 Deo
1124 3024 1285 3087 ordinatas

267 3132 269 3137 ·
366 3113 491 3195 proprie
514 3114 695 3173 tomentate.

293 3206 297 3215 “
430 3199 479 3261 50.
502 3195 562 3258 sed
592 3195 710 3256 dandus
744 3201 791 3255 est
812 3193 900 3256 loeus
921 3195 1005 3273 irae,
1044 3197 1075 3254 et
1095 3210 1160 3253 non
1183 3189 1286 3252 defen·

370 3277 463 3340 dendi
484 3280 544 3360 ipsi
567 3300 586 3340 a
608 3279 697 3340 nobis
718 3279 805 3359 ipsis.

430 3368 478 3431 51.
500 3364 636 3425 Evidens
658 3369 720 3443 est,
751 3379 864 3444 papam
886 3380 950 3424 non
972 3378 1041 3421 esse
1062 3358 1288 3440 magistratum,

367 3453 468 3529 neque
495 3448 737 3510 ecclesiasticum
768 3463 871 3526 neque
897 3445 1072 3527 politicum,
1107 3442 1165 3504 sed
1184 3459 1288 3521 neque

369 3534 616 3595 oeoonomioum.

431 3619 480 3683 52.
502 3617 577 3678 Tres
600 3616 681 3676 euim
703 3610 891 3693 hierarchias
906 3610 1063 3673 ordinavit
1071 3608 1156 3670 Deus
1178 3613 1288 3669 onuba

369 3696 546 3779 diabolum,
569 3700 688 3786 seilicet
709 3697 944 3799 oeoonomjam,
972 3693 1113 3775 politiam
1134 3696 1167 3753 et
1188 3691 1287 3753 eoeie

371 3800 457 3847 susm.

432 3869 482 3932 53.
497 3865 756 3951 ¹lioelesiastioum
788 3882 851 3925 nou
896 3880 966 3923 esse
998 3860 1172 3939 consistit,
1205 3855 1289 3937 quod

444 4074 476 4139 1)
497 4072 590 4130 Ined.
609 4077 698 4145 oria:
716 4072 789 4129 lieet.
1173 4000 1196 4043 x
