3159 4792
328 466 374 535 40
551 468 595 523 Ad
612 467 817 540 Asgooerotem
835 470 1018 527 hiumam

331 654 514 717 eonstitutus
536 674 629 735 super
644 659 754 735 gentes
776 660 808 717 st
827 672 934 737 regna,
955 654 1255 736 utevellatstplan-

288 776 290 778 ·
332 744 391 816 tat,
414 737 552 799 destruat
573 743 604 797 et
624 734 774 799 aedifioet.

415 820 515 895 Adde,
538 820 620 900 quod
643 825 782 900 potestus
803 821 835 881 in
858 821 990 883 eoelesia
1010 821 1096 883 nulla
1118 828 1174 898 est,
1194 822 1255 883 nisi

331 924 387 984 pro
411 904 584 967 soeroendo
606 908 749 984 peaosto,
770 903 858 983 quod-
876 903 952 986 liget
973 910 1004 965 et
1025 904 1136 981 solvat,
1159 923 1255 984 quure

331 986 505 1067 ubieunque
526 994 687 1068 peooutum
708 992 770 1063 est,
801 987 844 1047 ibi
867 988 1013 1067 potestati
1036 987 1189 1049 eiusmodi
1210 987 1255 1049 lo-

332 1090 387 1131 ous
408 1077 473 1148 est,
487 1072 574 1132 iuxta
594 1069 702 1131 Matth.
725 1070 780 1133 18:
804 1068 835 1131 Si
859 1072 1035 1150 pensaverit
1055 1072 1086 1131 in
1109 1075 1140 1131 te
1160 1071 1255 1132 freter

159 1173 163 1177 ·
218 1220 222 1225 ,
332 1160 411 1216 tuus.
454 1153 521 1215 Neo
547 1153 599 1215 hia
627 1152 707 1213 ullus
736 1151 916 1233 pontiiionm
939 1162 1043 1233 potest
1063 1153 1178 1219 bollum
1201 1172 1254 1215 ex·

332 1242 452 1314 autore,
488 1238 562 1317 quia
590 1237 615 1297 si
642 1237 673 1297 in
704 1254 766 1297 uno
788 1235 917 1297 alieuius
932 1240 1069 1318 'peceato
1093 1241 1161 1297 non'
1179 1237 1257 1317 ligat

331 1326 384 1380 sut
404 1319 497 1381 solvit
516 1325 674 1401 potestas,
711 1320 741 1378 in
764 1318 850 1381 nullo
874 1319 935 1383 ulio
958 1320 1089 1396 valebit,
1131 1326 1162 1381 et
1183 1338 1254 1379 eva-

331 1409 422 1464 ousta
453 1410 501 1463 est
532 1404 671 1484 penitus,
712 1420 780 1463 oum
816 1400 903 1463 nulla
938 1403 978 1463 sit
1013 1404 1091 1465 ratio
1125 1403 1252 1464 diversi-

331 1486 411 1548 tutis.

414 1567 519 1648 Atque
545 1568 596 1628 hio
621 1565 768 1628 sudaster
794 1567 917 1647 loquar,
951 1575 983 1629 et
1011 1569 1092 1647 quod
1123 1575 1155 1629 tu
1183 1587 1254 1629 eum

330 1650 541 1713 adulatoribus
562 1649 696 1711 Romani
724 1648 881 1730 pontificis
911 1651 1109 1713 vehementer
1136 1652 1178 1711 sis
1201 1650 1254 1711 ad·

288 1734 294 1743 '
332 1736 504 1813 miraturus,
525 1752 562 1795 ao
582 1733 662 1795 forte
682 1732 835 1795 haeresim
857 1732 1052 1811 definiturus,
1076 1734 1156 1813 dieo,
1177 1753 1255 1812 pon·

331 1816 429 1879 titioes
466 1818 564 1898 primo
598 1817 696 1877 teneri
725 1814 781 1877 snb
803 1822 933 1896 peooato
956 1819 1079 1879 mortali
1101 1824 1132 1878 et
1165 1822 1254 1877 reatu

214 1888 219 1913 ¹
332 1906 479 1961 astemoe
500 1899 723 1978 damnationis,
741 1904 781 1958 nt
801 1900 948 1961 resistant
967 1900 1182 1980 pestilentibus
1205 1900 1254 1960 his
1369 1919 1379 1931 ·

332 1984 477 2045 monstris
492 1982 654 2044 Romanae
675 1981 789 2064 ennae,
812 1982 921 2061 quibus
943 1984 1058 2062 passim
1081 1982 1255 2043 venduntur

332 2066 435 2127 omnis
464 2064 592 2142 Christi,
628 2070 818 2145 exsugantur
845 2064 968 2144 popuii,
1011 2072 1158 2127 vorantur
1192 2067 1256 2145 epi-

331 2154 478 2228 ssopatus
499 2147 620 2228 palliis,
652 2146 828 2208 sacerdotia
857 2150 995 2227 ennatis3
1031 2168 1090 2210 neo
1112 2168 1167 2209 eos
1190 2148 1255 2209 ullo

330 2238 423 2311 puoto
445 2237 574 2292 excusat
595 2230 795 2311 superioritas
818 2250 932 2312 papae,
955 2233 1027 2311 quie
1046 2232 1118 2312 plus
1141 2230 1257 2293 debent

331 2332 475 2394 supremo
504 2312 641 2375 omnium
666 2311 806 2393 Christo,
838 2312 870 2373 id
898 2323 960 2393 est,
990 2316 1128 2392 veritati,
1161 2332 1254 2393 quam

331 2397 382 2459 nbi
403 2396 509 2458 vident
529 2416 584 2476 per
606 2414 717 2476 papam
740 2396 948 2476 pessumdari,
982 2405 1013 2459 et
1041 2416 1103 2458 non
1132 2414 1255 2473 suoour·

329 2486 416 2558 runt,
447 2480 491 2541 rei
520 2485 592 2539 sunt
620 2480 757 2539 omnium
789 2480 959 2561 malorum,
992 2499 1070 2560 qnae
1099 2500 1182 2561 papa
1203 2480 1254 2540 vel

330 2562 467 2624 volendo
489 2561 542 2622 vel
564 2560 787 2622 dissimulando
809 2562 892 2625 insit.
1009 2594 1020 2602 κ
1059 2622 1072 2639 ,

412 2643 496 2706 ldem
519 2646 653 2724 pertinet
673 2644 713 2705 ad
740 2664 799 2706 nos
823 2664 946 2725 omnes,
980 2664 1050 2704 narn
1079 2664 1181 2725 aequo
1202 2646 1254 2705 de·
1350 2700 1359 2709 .

329 2728 394 2789 bito
414 2746 518 2787 snmus
540 2726 651 2787 Christi
674 2728 792 2809 gloriae
815 2728 969 2807 obstricti,
992 2728 1050 2788 nisi
1073 2727 1157 2807 qnod
1177 2727 1255 2789 illud

328 2809 464 2883 Paulis)
499 2808 725 2871 observandum
749 2817 797 2871 est
820 2812 933 2891 primo:
967 2809 1126 2872 Seniorem
1148 2830 1188 2871 ne
1209 2812 1254 2870 in-

329 2895 520 2973 orepaveris,
542 2892 597 2953 sed
620 2891 750 2955 obseura
776 2899 810 2954 ut
830 2900 964 2975 patrem,
996 2913 1102 2955 verum
1125 2893 1178 2955 ubi
1198 2894 1254 2955 ob-

328 2977 462 3037 seoranti
482 2995 545 3037 non
568 2978 710 3055 cesserit,
748 2976 821 3057 quid
848 2975 932 3038 aliud
960 2984 1050 3057 putus
1078 2975 1253 3037 iaciendum
1296 2972 1299 2977 ’

329 3059 479 3136 suadebit,
501 3061 560 3120 nisi
581 3060 768 3121 haeretioum
781 3060 939 3121 hominem
962 3059 1084 3120 devita?
1105 3058 1176 3121 Non
1198 3078 1254 3139 po-

328 3150 424 3204 testas
446 3162 547 3224 papae
579 3148 633 3201 ant
661 3143 789 3223 alieuius
821 3144 961 3222 episcopi
991 3143 1021 3202 in
1045 3142 1177 3203 ecelesia
1199 3142 1253 3203 do·

328 3226 470 3301 minatur,
492 3224 548 3285 sed
570 3224 696 3285 verbum
717 3225 785 3303 Dei,
809 3224 892 3303 quod
915 3224 989 3285 nulli
1013 3233 1061 3286 est
1081 3224 1252 3307 alligatum,

328 3308 465 3369 omnium
487 3307 691 3387 liberrimum,
723 3326 779 3367 rex
800 3326 908 3388 regum
931 3315 962 3369 et
983 3308 1133 3369 Dominus
1155 3308 1252 3371 dorni-

328 3391 486 3468 nsntinm,
519 3397 658 3470 potestas
693 3409 794 3470 papae
816 3392 947 3451 servitus
970 3397 1033 3469 est,
1070 3410 1133 3453 non
1156 3390 1253 3452 domi·

327 3492 421 3535 nrum.

409 3555 489 3617 Hirro
509 3555 613 3616 multis
635 3554 810 3617 nominibus
843 3556 1090 3619 commendanda
1118 3562 1165 3619 est
1187 3558 1254 3617 uni-

328 3641 459 3700 versitas
481 3636 742 3699 Ohristianissims
763 3639 955 3718 Parisiensis,
980 3658 1060 3719 quae
1078 3640 1148 3721 plns
1171 3640 1253 3721 prin-

279 3756 286 3762 ·
314 3723 404 3803 ‘oipis
432 3723 569 3783 omnium
600 3722 735 3783 veritatis
771 3730 802 3783 et
833 3723 1020 3785 dominantis
1054 3724 1085 3784 in
1119 3720 1253 3792 edolatis

399 3985 430 4048 ⁸)
451 3986 466 4038 1
485 3984 556 4038 Tim.
574 3986 600 4041 b.
637 3985 690 4038 Tit.
712 3987 736 4039 1.
772 3974 779 3980 ⁶
