3159 4792
586 521 621 575 dc
639 521 768 576 libertate
786 521 953 576 Οιιιιιιιιιιι
1158 518 1227 587 Υ245

300 706 367 767 sive
389 725 428 768 ec
449 705 585 804 perdat
576 708 758 789 rningratis,
780 707 847 768 sive
867 712 1029 769 mereatur.
1072 705 1123 769 Sic
1144 708 1225 768 enirn

301 796 332 849 ιι
360 794 450 869 pater
472 791 537 851 eius
559 791 647 864 iacit,
678 790 819 852 omnibus
842 791 947 851 omnia
968 788 1151 852 distribuens
1174 790 1225 852 ab

299 872 454 934 undanter
468 873 672 952 etliberrime,
692 875 810 934 iaciens
825 874 923 935 solem
940 893 1027 933 suum
1040 874 1110 934 oriri
1134 893 1226 954 super

300 955 403 1016 bonos
425 960 457 1016 et
478 956 588 1019 malos.
631 957 677 1018 lta
697 955 778 1017 filius
801 956 893 1033 nihil
916 956 974 1018 nisi
996 957 1130 1038 gratuito
1153 975 1225 1038 gau-

301 1036 364 1119 dio,
388 1057 450 1118 quo
471 1040 504 1100 in
524 1040 592 1102 Dec
614 1059 670 1120 per
691 1039 843 1100 Christum
868 1039 1048 1118 delectatur,
1070 1046 1225 1100 tantarum

301 1141 402 1182 rerum
425 1121 580 1202 largitore,
602 1123 677 1184 facit
697 1129 728 1183 et
749 1124 870 1219 patitur.

385 1205 480 1266 Vides
502 1225 587 1287 ergo,
610 1207 637 1266 si
650 1206 869 1303 cognoscimus
882 1219 944 1281 ea,
954 1224 1033 1286 quae
1047 1205 1140 1267 uubis
1153 1205 1225 1268 data

301 1294 388 1365 sunt,
418 1290 553 1349 maxima
574 1297 606 1350 et
627 1290 776 1370 pretiosa,
807 1295 841 1350 ut
862 1289 968 1350 Petrus
991 1289 1047 1367 ait,
1075 1308 1149 1350 mox
1170 1309 1225 1370 per

301 1371 439 1450 spiritum
463 1370 619 1432 diffundi
611 1392 643 1432 ιι
667 1372 810 1434 cordibus
831 1371 944 1432 nostris
968 1374 1141 1448 caritatem,
1165 1392 1224 1453 qua

302 1453 399 1529 tiberi,
420 1453 544 1533 hilares,
567 1456 807 1536 omnipotentes,
830 1461 1019 1535 operatores,
1043 1461 1074 1513 et
1087 1457 1224 1516 omnium

300 1536 531 1598 tribulationum
553 1539 704 1617 victores,
726 1540 937 1618 proximorum
960 1539 1050 1616 servi,
1073 1539 1224 1599 nihilomi-

300 1639 358 1679 nus
381 1627 486 1681 tamen
508 1623 644 1683 omnium
676 1620 792 1681 domini
816 1641 929 1681 sumus.
974 1619 1033 1695 Qui
1061 1640 1134 1681 vere
1160 1640 1223 1683 non

301 1710 499 1783 cognoscunt
520 1704 637 1765 donata
665 1704 722 1765 sibi
750 1723 806 1784 per
828 1703 995 1781 Christum,
1028 1705 1064 1764 iis
1086 1703 1224 1765 Christus

300 1785 412 1846 frustra
433 1793 523 1847 natus
544 1794 601 1864 est,
623 1807 678 1869 per
692 1805 789 1867 opera
808 1787 851 1846 illi
864 1786 1020 1864 incedunt,
1042 1787 1082 1847 ad
1096 1788 1223 1848 istarum

299 1887 401 1930 rerum
423 1876 544 1950 gustum
567 1878 598 1930 et
619 1872 1108 1967 sensumnunquamperventuri.
1130 1869 1225 1951 Igitur

300 1953 378 2012 sicut
399 1953 558 2032 proximus
585 1961 692 2014 noster
713 1953 928 2014 nenessitatem
952 1950 1046 2014 habet
1067 1960 1098 2014 et
1118 1959 1225 2014 nostra

299 2034 489 2096 abundantia
509 2035 638 2117 indiget,
658 2037 702 2096 ιιι
714 2041 745 2096 ιι
761 2055 821 2108 nos
844 2055 947 2096 coram
969 2037 1037 2097 Deo
1058 2037 1224 2098 necessita

298 2123 360 2178 tem
384 2118 545 2180 habuimus
567 2126 599 2180 et
618 2111 828 2180 misericordie
849 2120 915 2178 eius
931 2118 1127 2199 indiguimus.
1150 2119 1222 2180 ideo

297 2201 375 2262 siout
389 2201 481 2263 Peter
501 2202 645 2263 coelestis
667 2201 778 2263 nobis'
770 2221 802 2262 ιιι
814 2201 934 2262 Christo
948 2205 1043 2282 gratis
1059 2203 1222 2264 auxiliatus

299 2290 355 2362 ιιι,
378 2286 476 2345 itaet
497 2304 555 2346 nos
577 2285 725 2347 debemus
746 2285 841 2364 gratis
864 2303 1051 2365 percorpus
1075 2292 1107 2346 et
1128 2303 1224 2366 opere

297 2367 362 2428 eius
383 2369 528 2448 proximo
547 2365 653 2430 n'ostro
675 2368 825 2446 auxiliari,
848 2374 879 2428 ιι
903 2369 1109 2446 unusquisque
1135 2368 1223 2428 alteri
1283 2411 1286 2416 -

299 2449 437 2511 Christus
459 2450 583 2550 quidam
604 2450 685 2526 fieri,
707 2457 741 2511 ut
761 2451 855 2510 simus
879 2458 1014 2511 mutuum
1037 2451 1164 2527 Christi
1193 2456 1225 2511 ιι

298 2532 435 2594 Christus
456 2533 568 2594 idem'
559 2555 591 2594 ιι
611 2535 768 2612 omuibus,
789 2533 850 2595 hoc
872 2541 933 2612 est,
955 2553 1028 2594 vere
1049 2534 1223 2599 Christiani

380 2614 457 2692 Quis
491 2636 566 2698 ergo
599 2616 870 2698 comprehendere
903 2624 996 2696 queat
1032 2616 1156 2679 divitias
1192 2625 1225 2678 et

296 2698 428 2779 gloriam
456 2699 648 2761 Christianae
676 2700 780 2760 vitae?
817 2717 897 2796 quae
930 2700 1035 2761 omnia
1067 2707 1172 2781 potest
1192 2708 1224 2761 ιι

296 2780 400 2860 babet,
422 2788 455 2843 et
473 2782 585 2844 nullius
605 2782 733 2863 indiget,
755 2783 885 2861 peceati,
910 2784 1025 2858 mortis,
1045 2783 1222 2844 infernidc·

298 2865 391 2943 mina,
412 2866 504 2926 simul
525 2872 628 2926 tamen
652 2864 794 2926 omnibus
817 2883 907 2926 serva
930 2873 961 2926 et
983 2865 1170 2945 obsequiosa
1192 2872 1224 2926 e

297 2946 390 3023 utiiis,
414 2948 467 3009 sed
492 2967 571 3028 quae
580 2949 660 3029 proh
674 2947 764 3009 dolor
776 2947 915 3008 hodiem
938 2954 1005 3008 ιοιο
1018 2947 1093 3008 orbe
1115 2951 1223 3028 ignota

297 3036 353 3108 est,
375 3049 436 3091 nec
457 3030 650 3111 praedicatur
672 3050 731 3092 nec
743 3032 907 3110 quaeritur,
929 3030 1019 3107 adeo,
1041 3037 1075 3090 ut
1096 3047 1221 3110 prorsus

296 3119 435 3174 nostrum
458 3133 572 3175 nomen
600 3115 725 3195 ipsimet
754 3115 950 3194 ignoremus,
982 3131 1036 3173 cur
1057 3112 1221 3172 Christiani

296 3196 392 3256 simus
419 3203 453 3256 et
479 3215 635 3258 vocemur.
679 3196 771 3257 (ierte
805 3217 824 3256 ι
845 3195 967 3258 Christo
999 3195 1043 3255 sie
1065 3211 1221 3273 vocamur,

277 3297 360 3340 ‚non
384 3278 523 3376 absente,
547 3279 602 3341 sed
623 3279 816 3340 inhabitante
837 3283 869 3339 in
890 3277 994 3356 nobis,
1015 3278 1047 3340 id
1071 3285 1127 3355 est,
1150 3277 1221 3338 dum
1305 3353 1307 3360 Ι

297 3361 481 3422 credimus
472 3383 504 3422 ιιι
526 3382 607 3442 eom,
629 3365 682 3423 et
673 3381 807 3424 rnvrcem
834 3370 1004 3442 mutuoque
1018 3379 1123 3422 sumus
1146 3361 1222 3421 alter
1292 3385 1299 3394 ³

297 3443 421 3505 alterius
445 3444 598 3524 Christus,
628 3445 776 3506 facientes
798 3446 963 3526 proximis,
985 3447 1065 3505 sicut
1084 3444 1221 3505 Christus

296 3526 386 3589 uobis
407 3528 490 3589 iacit.
533 3528 576 3590 At
601 3547 683 3589 nunc
703 3528 862 3601 hominum
890 3528 1036 3590 doctrinis
1074 3547 1138 3588 nou
1163 3525 1222 3586 nisi

297 3612 415 3688 merita,
438 3614 584 3691 praemia,
607 3617 639 3672 et
660 3631 715 3687 ea,
736 3630 816 3690 quae
839 3619 945 3671 nostra
967 3616 1053 3689 sunt,
1076 3610 1224 3669 docemur

297 3710 462 3771 quaerere,
502 3701 534 3754 ιι
555 3714 595 3754 ex
613 3694 734 3755 (ihristo
756 3713 819 3754 non
849 3695 907 3754 nisi
928 3700 1106 3754 exactorem
1128 3691 1223 3773 longe

297 3793 372 3854 pree
394 3775 483 3837 Mose
497 3777 527 3852 ¹)
552 3777 739 3838 severiorem
762 3776 900 3838 fecimus.

379 3859 526 3922 Eiusdem
549 3859 623 3920 fidei
644 3860 821 3940 exemplum
851 3879 925 3940 prae
947 3860 1057 3920 ceteris
1080 3856 1223 3937 praebuit

298 3949 328 4002 et
346 3943 382 4005 B.
407 3943 516 4024 Virgo,
539 3942 622 4019 dum,
645 3949 678 4002 ut
695 3941 767 4004 Luc.
781 3945 810 4007 2.
833 3943 982 4018 scribitur,
1003 3941 1223 4021 purificabatur

371 4048 400 4112 ι)
421 4048 453 4100 Iu
472 4046 515 4100 ed.
533 4045 611 4103 den:
631 4045 716 4116 longe
733 4043 821 4099 lose.
1121 4065 1123 4072 ·
