3159 4792
582 523 690 579 done
708 524 741 580 l),
758 522 834 579 hrt.
854 522 977 581 Lulberi.
1191 520 1232 587 31

307 713 473 793 poteststis
495 712 633 775 erudivit?
655 712 738 788 Quin
759 712 811 773 dio
832 720 864 774 tu
878 712 1055 774 monerohle
1075 714 1144 791 tuis,
1167 729 1232 773 rer·

309 794 382 856 bum
406 814 535 875 poscere
563 796 604 858 od
631 815 687 857 eos
708 806 740 857 et
766 797 869 857 nnlloe
895 797 974 858 ulios
1003 797 1173 877 pertinere,
1201 804 1232 856 et

308 879 500 939 hoeretionm
522 898 602 957 esse,
624 882 676 959 qui
698 880 777 939 elius
799 888 917 960 panset,
940 898 1031 959 quern
1053 880 1122 959 ipsi.
1165 878 1233 939 Hoe

308 963 391 1022 enim
414 968 540 1043 oportet
567 962 650 1041 tieri,
677 964 703 1022 si
731 964 762 1023 in
792 963 854 1025 hoe
886 963 1064 1023 monarchia
1095 961 1231 1039 traditur,

309 1062 368 1105 nee
390 1043 497 1106 lieebit
516 1047 577 1106 nisi
592 1046 740 1107 Romano
762 1045 902 1126 pontiliei
917 1064 1054 1126 pssoere,
1077 1052 1150 1122 tum,
1173 1046 1232 1105 nist

309 1130 383 1209 ipse
399 1146 524 1207 qnoque
545 1137 663 1211 pssost,
690 1130 749 1190 erit
770 1129 952 1189 haereticus.

325 1242 329 1247 ·
392 1212 434 1271 At
452 1211 534 1290 vide,
556 1230 626 1273 oum
648 1213 726 1272 bueo
747 1212 932 1292 dixeris„sn
947 1231 1009 1272 non
1022 1214 1084 1272 sint
1105 1219 1135 1272 te
1158 1230 1231 1272 exu-

308 1296 386 1357 amri
408 1302 442 1355 ut
463 1296 600 1357 omnium
622 1295 914 1372 hoeretioissimum,
937 1296 990 1376 qui
1011 1295 1088 1356 velis
1111 1314 1230 1356 monor·

307 1377 383 1439 obss
408 1385 549 1457 peeturs,
575 1378 608 1440 id
637 1386 701 1458 est,
730 1379 911 1440 monarchia
940 1380 1013 1440 novi
1042 1378 1232 1440 Testamenti

307 1479 439 1522 onerare
473 1480 569 1522 onere
606 1462 703 1547 plone
732 1461 935 1541 intolerabili,
973 1461 1056 1541 quod
1090 1463 1229 1542 ouivie1)

305 1545 434 1605 ininieo
455 1546 505 1605 vel
526 1544 648 1608 Tureee
676 1545 784 1607 malint
811 1546 1002 1625 permittere,
1029 1543 1083 1606 sed
1112 1546 1158 1605 sio
1185 1562 1232 1607 eo·

291 1628 378 1689 letis
397 1626 571 1709 Scripturas
593 1628 901 1710 selutAnexsgorse
922 1628 1077 1689 elementa
1100 1646 1232 1706 versere,

305 1710 470 1791 quodlibet
489 1713 520 1772 in
544 1713 713 1792 quodlibet,
735 1718 768 1773 et
788 1727 828 1772 ex
842 1710 982 1790 quolibet
992 1711 1135 1786 tormsre.
1157 1710 1231 1771 ldeo

305 1791 384 1854 'nibil
406 1796 525 1874 mirum,
549 1797 574 1855 si
597 1814 726 1878 poscere
747 1793 902 1875 signitieet
930 1794 1017 1855 vobis
1046 1799 1231 1874 potestatem

304 1885 340 1938 et
360 1877 542 1958 dignitatem
563 1880 680 1961 sbeque
708 1880 793 1942 omni
821 1875 967 1959 psseendi
998 1873 1050 1937 'vel
1079 1878 1231 1958 ooneignl·

304 1959 470 2040 lloetione,
492 1969 555 2023 tem
577 1964 691 2026 oeulsti
721 1964 796 2023 estis
818 1962 1039 2045 grammaticae
1060 1968 1091 2021 et
1112 1961 1232 2022 theolo-

304 2045 378 2125 giae
400 2044 626 2109 observotores.

389 2127 457 2187 Nee
479 2129 607 2208 prodest
630 2131 726 2210 impis
752 2129 834 2190 illiue
863 2127 988 2208 glossae
1018 2126 1232 2209 intelligentie,

305 2229 370 2290 que
396 2211 521 2290 quidum
548 2214 700 2294 gurriunt:
731 2212 801 2273 lloe
827 2211 939 2271 teeisse
966 2210 1120 2287 videmur,
1149 2210 1232 2289 quod

305 2313 365 2375 per
385 2295 465 2355 elios
487 2294 625 2361 fecimus.
669 2296 737 2356 lloo
757 2296 838 2355 enim
863 2292 976 2371 verbo,
1007 2294 1032 2353 si
1061 2296 1156 2353 otium
1180 2312 1233 2373 pe·

303 2378 449 2455 retortis,
473 2378 581 2457 quibus
594 2385 643 2440 est
654 2378 770 2458 sliqnid
794 2384 1003 2459 praeoeptum,
1024 2377 1118 2436 totius
1134 2375 1232 2456 Serip-

305 2468 397 2521 tnrse
431 2462 570 2523 virtutem
606 2464 789 2539 evertimus,
832 2460 905 2522 dum
949 2459 1078 2540 quilibet
1120 2458 1230 2520 eodem

306 2544 456 2623 exemplo
486 2544 589 2607 disere
618 2547 732 2628 poterit
754 2544 971 2625 pmeoipientit
1003 2542 1071 2624 Ego
1102 2541 1232 2618 otiebor,

306 2647 367 2709 per
387 2627 481 2688 elium
504 2628 630 2708 fseism3
653 2637 745 2709 etque
766 2629 811 2688 its
828 2628 894 2689 Deo
917 2644 1041 2707 quoque
1063 2625 1166 2686 lioebit
1188 2626 1230 2686 dr'·

306 2728 396 2771 eere:
417 2710 488 2771 Non
510 2732 646 2792 paneam,
668 2711 724 2773 sed
744 2710 951 2790 moeobebor,
974 2708 1132 2786 oooidem,
1153 2710 1233 2769 tirre-

306 2794 376 2873 bor,
401 2796 574 2874 permittam
597 2804 699 2857 eutem
721 2798 756 2856 ut
776 2794 985 2876 eliuspsseet,
1008 2810 1071 2855 non
1091 2792 1232 2853 moenhe-

306 2884 366 2956 tnr,
389 2896 453 2940 non
477 2879 607 2958 oeeidst,
629 2899 691 2941 non
712 2880 837 2941 iuretur.
882 2875 957 2952 Quis
984 2875 1147 2973 beeocnon
1172 2896 1233 2937 ser·

307 2960 742 3125 'miiiissgdliliilgi
763 2959 1230 3123 itlittlztlliiltln,

308 3134 411 3206 orent,
433 3134 552 3209 regent,
574 3148 637 3190 non
651 3129 683 3207 ²)
707 3123 961 3207 suntpontitloes,
984 3124 1039 3185 sed
1052 3124 1146 3204 idola,
1168 3132 1231 3185 tem

308 3230 416 3271 eorem
431 3211 509 3290 Deo,
533 3230 625 3292 quom
646 3210 833 3286 bominibus,
857 3217 888 3271 et
908 3209 1035 3271 verbum
1059 3207 1230 3289 pesoere⁸J
1299 3225 1303 3229 ·

308 3294 387 3354 nibil
408 3293 448 3355 sd
470 3314 524 3357 eos
546 3297 680 3376 pertinet
700 3314 836 3377 prorsus.

393 3378 485 3438 Hseo
510 3397 581 3439 eum
608 3380 698 3440 vobio
728 3379 886 3455 dicuntur,
927 3393 986 3437 neo
1012 3376 1133 3437 bebetis
1160 3376 1232 3456 quid

307 3461 536 3541 respondentis,
560 3462 653 3524 surde
672 3463 809 3523 transitis
832 3460 1058 3541 eureinterim
1071 3462 1234 3540 peregrios

308 3545 474 3606 verborum
495 3545 648 3628 ferrugine
669 3546 827 3607 hominum
851 3562 940 3605 sures
963 3549 1168 3624 oeoupsntee,
1193 3560 1233 3603 ne

308 3628 385 3689 visti
406 3627 587 3709 videamini,
618 3648 679 3691 nee
713 3630 845 3690 miserae
873 3628 993 3689 interim
1024 3627 1233 3689 eonscientiae

310 3718 434 3773 vestroe
456 3713 659 3791 miseremini,
687 3732 778 3793 qusm
808 3713 919 3792 eogitie
948 3717 1055 3773 eontra
1077 3710 1232 3771 stimulum

384 3972 417 4036 1)
435 3970 466 4022 ln
486 3970 529 4025 sd.
551 3972 641 4039 orig:
660 3971 748 4024 ouius.
786 3969 820 4036 2)
842 3969 871 4021 ln
890 3968 932 4023 ed.
952 3969 1024 4036 orig.
1044 3966 1137 4021 deest:
1167 3981 1231 4019 non.

312 4042 349 4105 3}
366 4042 436 4097 ibid.
449 4043 571 4113 legitote
602 4057 659 4096 non
678 4056 800 4111 pssosrs.
883 4098 887 4105 ,
1174 4039 1178 4044 ’
