3159 4792
346 499 410 575 268
687 511 768 566 Bulla
786 511 885 568 Leonis
903 511 937 568 X.

389 699 435 763 hit
454 701 515 762 iam
538 700 618 763 ultra
638 703 722 763 varie
735 701 908 764 Germanos
930 701 1062 782 diripere
1076 701 1175 765 uobis.
1203 701 1277 764 Eru-

391 783 605 846 diuntureuim
618 786 650 862 ii,
672 804 800 865 quorum
826 787 1044 865 superstitione
1065 785 1199 866 quadam
1223 788 1276 847 mi·
1385 754 1386 814 i

389 867 475 930 ridca
486 869 654 930 infatuatae
666 875 784 930 mentes
800 869 890 930 facile
907 869 1096 949 rapientibus
1113 870 1205 931 uobis
1223 888 1277 950 pa·
1386 862 1387 922 l

389 950 505 1013 tebant.
531 951 600 1027 Quo
624 950 667 1025 fit,
688 959 722 1013 ut
741 954 924 1013 immensum
947 951 1164 1033 praepediatur
1186 951 1276 1014 nobis
1387 969 1388 990 ι

391 1035 582 1113 lucrum,ita
603 1040 636 1095 ut
657 1038 756 1096 metus
779 1036 833 1110 sit,
870 1035 982 1096 multos
1011 1035 1093 1096 fame
1125 1038 1276 1116 perituros
1388 1077 1389 1084 ι

390 1117 492 1180 adhuc
521 1118 658 1195 Romae,
685 1120 779 1180 etiam
802 1138 841 1179 ex
878 1120 1023 1180 creaturis
1053 1119 1114 1178 illis
1153 1121 1276 1181 uostris.
1389 1183 1390 1190 χ

391 1201 457 1262 Nos
479 1200 602 1281 quidem
624 1203 655 1261 iu
678 1221 791 1284 magua
814 1208 953 1282 egestate
974 1200 1182 1284 regnabimus.
1389 1199 1390 1210 ’

392 1285 433 1358 lr)
456 1283 484 1346 Δ
507 1291 560 1345 tua
580 1283 709 1364 pertidia
728 1286 847 1363 alienis,
871 1285 910 1346 ob
932 1283 1025 1364 idque
1039 1285 1160 1346 Christo
1185 1292 1217 1347 et
1239 1285 1277 1347 ab
1390 1291 1391 1326 r

392 1367 447 1429 illo
469 1369 627 1429 institutae
649 1366 721 1428 fldei
743 1388 799 1448 per
822 1369 926 1429 omnia
948 1367 1068 1440 deditis.
1391 1399 1392 1414 ι

391 1450 420 1527 l)
444 1450 475 1511 ld
500 1457 547 1511 est
561 1452 743 1512 animosam.
764 1454 815 1527 m)
838 1452 975 1512 veritatis
992 1469 1105 1529 euram,
1128 1456 1160 1511 et
1176 1450 1277 1513 studio
1392 1513 1393 1516 ,

390 1535 509 1614 patriae
530 1535 688 1614 pertinaci.

394 1619 433 1694 u)
459 1616 574 1678 Christi
597 1618 658 1695 aio,
681 1635 749 1677 cum
772 1619 840 1696 ipse
863 1621 972 1678 contra
993 1621 1076 1678 totus
1099 1609 1205 1678 mirudi
1229 1619 1278 1677 sis.
1393 1615 1394 1636 ¹

396 1699 433 1778 ο)
458 1700 594 1777 Fatetur,
617 1700 748 1781 gloriam
765 1717 892 1760 manere
913 1719 981 1777 nos,
1005 1701 1029 1760 si
1051 1701 1278 1781 pervincamus,
1394 1731 1395 1764 ι

392 1782 512 1863 quael)
538 1801 595 1843 nos
618 1784 693 1843 nihil
716 1791 821 1844 movet
841 1788 954 1843 tamen.

392 1868 431 1947 p)
456 1865 554 1941 Quam
579 1865 633 1925 tihi
656 1865 734 1926 utile
756 1873 804 1926 est
825 1873 958 1944 tuaeque
981 1864 1108 1945 expedit
1130 1865 1252 1927 Curiae.

393 1967 411 2028 q
454 1949 564 2010 Hocue
575 1950 673 2027 iuquit
683 1948 912 2029 Hieronymus?
933 1948 980 2008 Tu
998 1967 1071 2008 vero
1089 1947 1160 2027 quid
1183 1950 1277 2010 toties
1396 1983 1397 1986 =

421 2033 614 2112 ieronymum
638 2031 778 2112 allegas?
806 2031 919 2092 Nonne
940 2037 975 2092 ut
995 2032 1055 2091 hac
1078 2031 1189 2092 adsuta
1210 2051 1277 2112 pur·
1397 2047 1398 2072 ι

392 2134 467 2195 pura
488 2115 569 2176 male
597 2116 801 2176 concinnatos
828 2120 898 2176 tuos
926 2121 1075 2175 centones
1106 2114 1277 2176 adornatos
1398 2156 1399 2194 ι

390 2196 523 2258 reddas?
546 2196 606 2259 Sed
629 2216 692 2258 uon
715 2197 871 2259 cohaeret.
914 2197 1021 2278 ltaque
1034 2197 1148 2258 desiste
1171 2199 1202 2257 in
1226 2197 1276 2258 fri·

391 2280 465 2342 volo
487 2280 651 2342 mendacio
674 2282 772 2341 sancti
796 2281 852 2341 viri
875 2282 1072 2342 autoritatem
1095 2287 1279 2361 praetexere

391 2363 456 2426 tihi.
477 2362 511 2444 r)
535 2364 642 2443 Neque
655 2363 769 2424 hahere
783 2363 884 2442 debet,
905 2365 966 2423 iam
979 2363 1040 2424 hoc
1055 2369 1277 2426 contestamur.

392 2451 423 2519 sl
449 2446 516 2507 'libi
539 2445 660 2525 quidem
679 2465 825 2526 perversa
855 2466 977 2526 semper
1007 2447 1064 2506 fuit
1084 2445 1279 2528 Euangeliou

391 2530 455 2606 illa,
477 2547 568 2608 quam
592 2547 651 2589 nos
673 2530 837 2608 sequimur.
870 2529 979 2609 Neque
1011 2531 1091 2590 enim
1122 2529 1217 2590 docet
1246 2537 1277 2590 te

392 2611 505 2688 facere,
527 2631 606 2691 quae
628 2611 704 2672 facis
725 2611 880 2693 tlatigiose
903 2613 1007 2675 multa.

394 2694 422 2774 t)
447 2693 556 2774 Neque
578 2696 660 2754 euim
683 2713 702 2754 e
723 2700 774 2756 tuo
799 2695 981 2774 commodo,
1019 2695 1074 2755 sed
1099 2715 1138 2754 ex
1161 2695 1276 2756 Christi

392 2784 424 2838 et
445 2776 626 2838 Sanctorum
649 2779 811 2839 sententie.
1116 2809 1131 2834 ι

391 2871 428 2932 ιι)
455 2859 634 2921 Pontificiae
657 2861 826 2941 tyrannidis
861 2868 960 2921 metus
990 2867 1021 2924 et
1043 2861 1276 2941 superstitiosus

392 2944 553 3005 Romanae
575 2943 745 3024 tyrannidis
768 2945 877 3005 cultus.

392 3031 431 3102 x)
455 3026 564 3106 Erras,
601 3028 807 3106 nequeenim
829 3026 1109 3107 potestdiabolus,
1144 3046 1214 3086 cum
1237 3028 1278 3086 sit

394 3117 482 3190 pater
504 3109 666 3188 mendacii,
690 3129 859 3191 suggerere
881 3111 1052 3170 veritatem.

392 3201 430 3273 y)
457 3191 622 3267 Quomodo
644 3193 749 3270 leves,
777 3195 829 3273 qui
851 3192 905 3254 tihi
928 3211 1052 3272 quoque
1073 3201 1135 3253 tam
1159 3193 1280 3272 potenti

392 3283 526 3356 tyranno
551 3282 612 3336 tam
631 3277 697 3357 cito
720 3295 832 3357 graves
854 3295 924 3336 esse
947 3273 1140 3356 coeperunt?

393 3358 430 3434 a)
452 3358 486 3420 Id
510 3365 566 3435 est,
589 3377 669 3438 quae
689 3357 804 3420 affatim
827 3361 988 3440 pecuniam
1010 3358 1151 3420 mittebat
1173 3357 1278 3434 uobis,

394 3442 509 3521 alioqui
531 3441 660 3503 barbara
684 3448 716 3502 et
736 3441 868 3522 stupida.

436 3524 526 3602 Quod
548 3543 586 3585 eo
610 3526 707 3606 magis
719 3525 859 3586 dolemus
876 3523 917 3584 ibi
931 3525 1082 3601 evenisse,
1106 3522 1189 3604 quod
1207 3542 1280 3584 ean-

354 3609 424 3671 dem
452 3610 650 3670 uationemar
677 3614 708 3668 et
736 3628 794 3668 uos
829 3615 861 3668 et
892 3607 1151 3668 Praedecessores
1181 3609 1281 3666 nostri

353 3693 385 3754 iu
397 3692 602 3763 visceribusb')
617 3705 741 3771 semper
757 3692 942 3772 gesserimus
958 3691 1139 3763 caritatisc).
1160 3687 1261 3749 Namd

354 3782 427 3856 post
458 3775 638 3836 translatum
669 3793 709 3834 ex
730 3773 858 3835 Graecis
893 3773 1074 3834 altomaua
1104 3772 1260 3834 ecclesiae

352 3871 384 3928 in
407 3858 533 3920 eosdem
557 3856 764 3929 Germanosf)
789 3856 951 3936 Imperium
982 3856 1074 3917 iidem
1097 3855 1283 3916 Praedeoes-

650 3979 726 3989 ..ι-

413 4035 460 4099 ,1)
479 4033 528 4088 lid.
551 4034 671 4088 hitinch:
690 4049 784 4104 quam.
