3159 4792
352 448 417 545 ΒΜ)
689 479 767 533 Brulla
784 478 886 535 Leonis
905 478 938 533 X.

354 668 474 732 Notarii
493 670 642 733 coniectis
665 674 697 731 et
717 667 914 749 subscriptis,
951 667 1000 729 vel
1028 668 1058 730 in
1087 665 1169 727 alma
1193 665 1277 727 Urbe

354 754 528 832 impressis,
561 761 593 815 et
625 752 727 833 sigillo
760 752 889 813 alicuius
920 751 1121 811 ecclesiastici
1143 748 1277 811 Praelati

356 837 498 912 munitis,
535 837 647 916 ubique
670 842 781 912 stetur,
819 842 849 895 et
871 835 963 913 plena
984 833 1061 895 fides
1082 832 1277 910 adhibeatur,

354 926 447 998 prout
480 920 679 1000 originalibus
707 918 802 979 literis
841 924 972 979 staretur
1004 924 1035 977 et
1069 914 1278 989 adhiberetur,

352 1002 378 1061 si
394 1002 497 1063 forent
519 1002 675 1064 exhibitae
696 1003 746 1063 vel
768 1006 941 1064 ostensae'
1352 999 1355 1003 ’

393 1081 431 1166 a)
454 1084 533 1147 Huic
553 1085 725 1147 difficultati
756 1084 974 1147 subvenientes
997 1082 1099 1144 denuo
1122 1079 1277 1142 edendam

389 1169 584 1246 curavimus,
619 1168 745 1229 multum
774 1170 855 1228 enim
883 1175 990 1228 nostra
1021 1167 1150 1227 interest
1179 1163 1277 1223 talam

395 1258 479 1310 tuam
507 1259 568 1312 tam
605 1250 798 1331 splendidam
822 1250 939 1311 Bullam
974 1250 1122 1311 latissime
1144 1248 1279 1309 circum-

392 1334 473 1395 ferri.
650 1348 654 1353 ’

436 1418 476 1477 Et
497 1439 536 1480 ne
559 1419 713 1499 praefatus
734 1418 884 1479 Lutherus
905 1436 1075 1497 omnesque
1097 1416 1148 1477 alii
1172 1434 1278 1497 supra»

353 1499 440 1578 dicti,
479 1521 556 1581 quos
591 1509 771 1582 praesentes
802 1501 908 1563 literae
936 1500 1172 1581 quomodolibet
1205 1518 1278 1559 oon·

353 1594 496 1663 cernunt,
517 1588 722 1666 ignorantium
745 1584 911 1645 earundem
934 1585 1100 1661 literarum,
1123 1585 1208 1643 etin
1233 1584 1278 1643 eis

353 1676 569 1728 contentorum
604 1670 738 1729 omnium
779 1676 810 1728 et
847 1667 1037 1749 singulorum
1071 1666 1277 1747 praetendere

323 1784 328 1794 »
352 1750 494 1830 valeant,
522 1741 632 1813 literasx
648 1754 732 1831 ipsas
755 1752 785 1811 in
811 1751 961 1812 basilicae
983 1751 1128 1831 principis
1150 1758 1276 1829 aposto·

351 1833 521 1911 insumat
543 1834 747 1894 caucellau'ae
769 1834 980 1913 apostolicae,
1005 1852 1063 1893 nec
1086 1852 1148 1893 non
1172 1832 1276 1892 corbe

352 1914 479 1979 dralium
495 1917 693 1977 ecclesiarum
710 1917 1059 1997 Brandanburgensium,
1073 1916 1275 1975 Misnensium

353 2008 384 2059 et
405 2000 682 2079 Mersbergensiurn
704 1999 803 2059 valvis
836 1998 919 2080 affigi
944 2007 977 2079 et
997 2000 1144 2079 publicari
1168 1997 1277 2059 deberi

352 2083 526 2159 voluimus,
560 2082 780 2159 decernentes,
814 2083 895 2162 quod
920 2083 1085 2143 earundem
1120 2082 1278 2142 literarum

353 2164 520 2243 publicatio
543 2166 588 2225 si'c
619 2167 700 2225 lacta
734 2166 941 2246 supradictum
964 2166 1125 2227 Martinum
1156 2184 1280 2225 omnes·

354 2266 412 2326 que
434 2249 513 2311 alius
535 2257 565 2309 et
587 2250 727 2330 singulos
755 2250 1024 2329 praenominatos,
1057 2266 1134 2327 quos
1168 2248 1281 2309 literae

352 2329 524 2393 huiusmodi
567 2331 803 2411 quomodolibet
824 2331 852 2413 ¹)
896 2337 1101 2407 concernunt,
1147 2330 1280 2410 perinde

353 2422 487 2489 arctent,
522 2435 559 2473 ac
587 2417 612 2473 si
640 2415 747 2474 literae
768 2418 856 2495 ipsae
878 2414 927 2475 die
950 2413 1103 2475 affixionis
1126 2416 1164 2474 et'
1181 2414 1279 2493 publi·
1329 2462 1343 2489 ,
1401 2428 1402 2463 l

353 2499 483 2558 cationis
504 2497 677 2557 huiusmodi
702 2498 746 2555 ris
759 2498 962 2578 personaliter
983 2498 1082 2557 lectae
1104 2504 1136 2557 et
1156 2498 1277 2557 intima·

352 2576 403 2638 tae
424 2581 540 2641 iurent:
564 2598 655 2659 quum
679 2598 741 2642 non
764 2582 804 2641 sit
825 2580 999 2657 verisimile,
1023 2581 1105 2659 quod
1127 2599 1174 2655 aa,
1197 2590 1279 2659 quae

352 2668 413 2720 tam
437 2669 577 2741 patenter
598 2662 691 2739 liunt,
722 2661 857 2725 debeant
878 2662 959 2743 apud
983 2683 1039 2725 eos
1062 2664 1225 2743 incognita
1241 2668 1275 2741 a)

351 2763 521 2807 remanere.

392 2833 429 2905 a)
454 2830 496 2888 At
516 2830 759 2910 cognoscimus„
780 2830 835 2891 sed
859 2849 919 2890 non
943 2831 1158 2909 agnoscimus,
1197 2829 1277 2890 haec

394 2911 517 2971 tandem
541 2919 589 2973 ast
601 2912 756 2974 hebetudo
780 2919 896 2975 nostra.

432 2995 503 3055 Non
528 2996 720 3057 obstantibus
735 3003 768 3069 a)
804 2995 1073 3056 constitutionibus
1102 3002 1133 3055 et
1155 2994 1277 3055 ordina·
1346 2981 1356 3063 ss
1401 3004 1402 3011 ’

352 3077 486 3137 tionibus
509 3072 700 3159 apostolicis,
724 3099 778 3139 seu
800 3078 982 3158 supradictis
997 3077 1140 3138 omnibus
1163 3086 1195 3137 et
1215 3080 1276 3138 sin·

350 3159 446 3239 gulis,
482 3162 531 3221 vel
561 3181 666 3222 eorum
698 3163 789 3222 alicui
809 3160 858 3242 ²),
891 3166 944 3223 aut
972 3160 1129 3241 quibusvis
1158 3161 1229 3221 aliis
1257 3182 1276 3222 a

350 3240 433 3302 Sede
456 3246 630 3323 apostolica
653 3245 828 3324 praedicta,
867 3245 915 3305 vel
945 3244 984 3305 ab
1016 3263 1053 3303 ea
1085 3250 1273 3323 potestatem

350 3324 544 3399 habentibus,
568 3328 624 3388 sub
647 3330 758 3407 quavis
774 3330 885 3405 torma,
908 3329 1000 3388 etiam
1024 3326 1274 3403 confessionalis,

350 3413 382 3466 et
403 3426 471 3469 curn
495 3410 652 3488 quibusvis
674 3414 766 3471 etiam
780 3410 815 3486 b)
840 3410 1013 3471 fortissimis
1037 3408 1199 3485 clausulis,
1222 3420 1276 3489 aut

350 3509 389 3548 ex
411 3493 519 3569 quavis
535 3512 636 3571 causa,
660 3514 714 3554 seu
727 3493 836 3573 grandi
849 3492 1096 3555 consideratione
1111 3488 1274 3566 indultum,

350 3573 400 3633 vel
422 3593 602 3635 conoessum
618 3578 740 3654 existat,
763 3576 845 3656 quod
868 3576 1018 3652 interdici,
1041 3574 1199 3653 suspendi,
1223 3574 1274 3634 vel

350 3660 610 3719 excommunicari
633 3679 694 3720 non
718 3662 838 3737 possint
876 3679 931 3739 per
953 3660 1055 3718 literas
1082 3656 1273 3736 apostolicas

350 3758 412 3799 nou
435 3740 583 3801 facientes
606 3742 728 3820 plenam
752 3749 784 3802 et.
806 3762 1000 3821 expressam,
1039 3759 1076 3801 ao
1110 3738 1149 3798 de
1178 3739 1271 3799 verbo

347 3908 491 3920 „tun-mnu·-

379 4022 383 4027 '
421 4014 452 4067 lsi
471 4016 535 4071 adit.
554 4017 678 4077 ronchu
700 3971 850 4087 ¹quoslibet.
887 4017 920 4082 2)
940 4016 972 4071 Iu
993 4015 1038 4071 ed.
1055 4014 1128 4067 len:
1160 4012 1270 4066 allcubi.
