3159 4792
623 546 660 600 ad
678 547 798 602 Leonam
817 547 852 603 X.
1144 545 1206 612 213

284 733 387 813 sedes,
412 734 494 796 sicut
516 734 629 796 Daniel
650 735 681 794 in
705 733 807 796 medio
829 735 969 812 leonum,
993 741 1024 798 et
1045 755 1113 796 oum
1134 734 1210 800 Eac-

281 817 380 878 obiele
398 818 477 878 inter
494 819 674 898 scorpiones
685 817 816 895 habitas,
831 819 903 898 quid
914 819 962 880 his
974 819 1118 880 monstris
1131 838 1210 880 unus

281 899 451 981 opponas?
473 900 564 962 Adde
585 901 638 962 tibi
661 901 883 964 eruditissimos
905 910 936 964 et
958 903 1092 982 optimos
1106 901 1208 964 Gurdi-

281 982 370 1044 nales
405 990 466 1044 tres
497 990 551 1045 aut
589 991 729 1064 quatuor.
772 984 852 1061 Quid
874 986 905 1046 hi
917 983 948 1067 1)
973 987 1052 1054 inter
1082 986 1208 1048 tantos?

280 1066 364 1129 Ante
387 1085 509 1128 veneno
534 1067 678 1128 omnibus
706 1068 896 1147 pereundum
918 1069 1022 1148 vobis,
1055 1088 1145 1148 quam
1169 1068 1209 1130 de

173 1230 174 1233 Ἴ
280 1149 419 1212 remedio
443 1156 578 1212 statuere
599 1153 846 1231 praesumeretis.
890 1151 1001 1214 Actum
1025 1159 1073 1212 est
1095 1151 1207 1214 deRo·

173 1278 174 1303 ,
280 1253 375 1295 mana
395 1235 497 1310 curia,
517 1235 658 1316 pervenit
679 1235 710 1294 in
723 1254 791 1296 eam
808 1237 854 1296 ira
863 1236 921 1296 Dei
934 1254 1030 1314 usque
1049 1236 1080 1296 in
1104 1234 1206 1298 linem.

281 1316 423 1378 concilia
445 1317 528 1394 odit,
549 1317 707 1378 reformari
730 1320 854 1394 metuit,
888 1319 1019 1382 furorem
1041 1319 1207 1398 impietatis

281 1419 355 1461 suae
379 1401 520 1481 mitigare
539 1401 655 1479 nequit,
676 1405 708 1461 et
719 1402 830 1483 implet
846 1403 949 1463 matris
966 1420 1040 1463 suae
1062 1401 1207 1483 elogium,

172 1491 173 1516 ¹
281 1483 318 1544 de
341 1503 404 1564 qna
426 1482 555 1544 dicitur:
579 1483 760 1545 duravimus
782 1485 989 1565 Babylonem,
1023 1490 1054 1545 et
1075 1502 1137 1545 non
1161 1492 1209 1544 est

280 1573 400 1639 sanata,
423 1566 672 1647 derelinquamus
696 1587 774 1628 eam.
818 1567 917 1630 Officii
934 1566 1055 1646 quidem
1080 1568 1121 1627 tui
1136 1567 1207 1629 Oar-

280 1649 491 1729 dinaliumquo
512 1657 632 1712 tuorum
654 1650 768 1728 fuerat,
800 1652 848 1712 his
869 1651 958 1711 malis
981 1649 1117 1728 mederi,
1151 1649 1205 1716 sed

279 1732 359 1793 ridet
381 1732 532 1794 medicam
564 1734 624 1795 ista
654 1733 796 1814 podagre
831 1753 969 1807 manum,
993 1739 1037 1793 'et
1061 1752 1120 1794 nco
1142 1751 1206 1794 nur

279 1815 362 1891 rus2)
381 1814 626 1878 audithabenas.
649 1815 716 1878 Hac
730 1816 895 1879 affectione
912 1824 1011 1878 tactus
1023 1814 1108 1876 dolui
1129 1834 1206 1876 sem·

173 1974 174 1977 ¹
280 1918 350 1978 per,
380 1900 498 1979 optime
518 1900 597 1976 Leo,
627 1899 674 1958 his
696 1900 808 1961 seculis
831 1907 861 1961 te
882 1897 1060 1980 pontificem
1082 1898 1206 1979 factum,

173 1996 174 2025 ³
281 1983 329 2061 qui
350 1982 530 2045 melioribus
541 1982 651 2064 dignus
672 2001 752 2046 eras.
773 1983 844 2044 Non
868 1984 948 2043 enim
961 1983 1102 2044 Romana
1123 1983 1208 2045 curia

280 2072 414 2125 meretur
435 2071 466 2126 te
482 2067 587 2145 tuique
606 2065 740 2144 similes,
769 2066 824 2128 sed
846 2073 986 2128 satanam
1007 2066 1125 2147 ipsum,
1155 2066 1207 2145 qui

280 2154 311 2210 et
332 2168 407 2209 vere
427 2146 496 2229 plns
518 2167 607 2228 quam
632 2155 663 2209 tu
685 2150 715 2209 in
737 2149 900 2230 Babylone
922 2151 981 2209 ista
1001 2155 1121 2230 regnat

359 2231 388 2292 0
410 2232 527 2292 utinam
548 2231 689 2313 deposita
710 2233 779 2310 istu,
804 2251 894 2311 quam
917 2231 971 2293 tibi
983 2231 1113 2312 gloriam
1136 2250 1206 2294 esse

279 2317 397 2378 iactant
418 2314 525 2376 hostes
547 2316 591 2375 tui
613 2315 819 2394 perditissimi,
844 2316 963 2396 privato
979 2316 1082 2394 potius
1105 2333 1204 2376 sacer·

280 2398 410 2477 dotiolo‚
433 2404 487 2458 aut
508 2398 700 2459 haereditate
722 2406 852 2479 paterna
874 2400 1039 2476 victitares,
1061 2397 1122 2458 hac
1141 2397 1207 2476 glo·

280 2483 324 2542 ria
345 2482 475 2562 gloriari
498 2500 561 2542 non
583 2488 654 2542 sunt
666 2482 760 2562 digni,
783 2483 841 2542 nisi
860 2480 1067 2542 Sobariotides
1085 2477 1132 2556 ³t,
1154 2479 1208 2540 filii

280 2565 473 2644 perditionis.
516 2563 595 2639 Quid
620 2566 702 2625 enim
723 2565 799 2625 lacis
821 2566 851 2624 in
875 2566 967 2642 curie,
989 2566 1030 2625 mi
1050 2563 1125 2639 Leo,
1147 2565 1206 2626 nisi

280 2653 325 2726 ut,
348 2667 412 2728 quo
436 2648 564 2726 quisquo
587 2654 635 2707 est
669 2649 848 2710 sceleratior
875 2654 907 2708 et
928 2649 1134 2724 exsecratior,
1168 2666 1206 2708 eo

278 2731 396 2792 felicius
419 2735 522 2791 utatur
542 2737 595 2791 tuo
617 2732 742 2792 nomine
775 2738 807 2792 et
828 2732 993 2792 autoritate
1013 2729 1053 2790 ad
1076 2729 1204 2810 perden-

278 2813 331 2874 dus
356 2814 518 2874 hominnm
541 2815 688 2892 pecunias
711 2819 741 2874 et
752 2815 881 2894 animas,
905 2813 943 2874 ad
968 2811 1203 2892 multiplicanda

279 2898 415 2972 scelera,
437 2895 477 2956 ad
499 2896 732 2976 opprimendam
755 2895 846 2957 fidem
871 2901 901 2956 st
922 2896 1099 2973 veritatem,
1137 2915 1205 2955 cum

279 2987 345 3041 tota
368 2979 505 3040 ecclesia
526 2979 594 3040 Dei.
639 2979 796 3040 Orsvera
827 2978 1036 3039 infelicissime
1058 2976 1141 3052 Leo,
1175 2983 1206 3038 et

277 3063 541 3144 periculosissimo
578 3062 690 3122 sedens
718 3062 815 3140 solio,
849 3062 1009 3121 veritatem
1047 3061 1127 3120 enim
1150 3060 1205 3120 tibi

277 3146 364 3226 dico,
389 3147 462 3224 quia
482 3144 566 3206 bona
586 3145 641 3206 tibi
661 3146 755 3222 volo;
793 3145 819 3204 si
848 3144 928 3204 enim
951 3140 1126 3204 Bernardus
1149 3161 1205 3204 suo

280 3229 450 3290 Anastasio
464 3225 499 3306 ⁴)
524 3229 723 3308 compatitur,
760 3247 829 3288 cum
868 3225 968 3287 adhuc
989 3224 1116 3288 meliore
1150 3245 1207 3305 spe

275 3313 422 3373 Romana
444 3310 543 3389 sedes,
565 3311 639 3372 licet
659 3318 723 3370 tum
746 3329 870 3390 quoque
892 3311 1131 3390 corruptissima,
1152 3310 1206 3370 im·

254 3402 412 3476 peraret,
435 3392 508 3473 qnid
529 3412 588 3454 nos
609 3414 672 3454 non
689 3413 861 3473 queramur,
884 3394 993 3473 quibus
1007 3395 1038 3453 in
1061 3393 1205 3454 trecentis

277 3479 370 3539 annis
393 3484 513 3537 tantum
535 3478 667 3538 accessit
688 3478 893 3557 corruptionis
917 3483 947 3537 et
969 3474 1170 3556 perditionis?

359 3559 476 3621 Nonne
496 3572 601 3620 verum
625 3567 689 3639 est,
726 3559 782 3620 sub
806 3568 894 3621 vasto
929 3562 989 3622 isto
1018 3559 1107 3622 coelo
1131 3557 1207 3618 nihil

277 3663 346 3706 csse
360 3645 505 3705 Romana
517 3645 603 3705 curia
615 3644 796 3722 corruptius,
820 3643 1023 3722 pestilentius,
1047 3638 1206 3702 odiosius?

276 3725 564 3806 lncomparabiliter
591 3728 672 3788 enim
695 3725 862 3787 Turcarnm
891 3727 986 3787 vincit
1006 3727 1205 3814 impietatem,

314 3865 345 3925 1)
369 3864 400 3915 In
421 3862 464 3917 ed.
481 3863 562 3919 1521:
581 3864 630 3916 bii.
650 3862 726 3932 2)1n
746 3861 789 3915 ed.
804 3864 875 3930 orig.
895 3862 1013 3931 legitur:
1033 3867 1060 3913 et
1080 3877 1131 3912 nec
1151 3876 1208 3911 cur-

278 3951 324 3987 rns
344 3951 398 3987 nec
417 3935 496 3987 audit
516 3935 652 3996 habenas,
679 3937 708 3986 in
728 3933 769 3987 ed.
790 3933 878 3990 1521:
899 3940 926 3988 at
945 3951 996 3988 nec
1014 3948 1110 3986 currus
1131 3932 1207 3985 audit

279 4007 416 4149 {¹3:221ss
451 4007 484 4073 ὃ)
512 4007 544 4060 In
569 4007 612 4061 ed.
638 4007 721 4063 1521:
740 4005 916 4062 Scariotidss.
953 4005 986 4075 4)
1006 4005 1038 4060 ln
1063 4005 1105 4058 ed.
1125 4005 1204 4060 lem:
