<?xml version="1.0" encoding="UTF-8"?>
<!DOCTYPE html PUBLIC "-//W3C//DTD XHTML 1.0 Transitional//EN"
    "http://www.w3.org/TR/xhtml1/DTD/xhtml1-transitional.dtd">
<html xmlns="http://www.w3.org/1999/xhtml" xml:lang="en" lang="en">
 <head>
  <title>
</title>
<meta http-equiv="Content-Type" content="text/html;charset=utf-8" />
  <meta name='ocr-system' content='tesseract 3.04.00' />
  <meta name='ocr-capabilities' content='ocr_page ocr_carea ocr_par ocr_line ocrx_word'/>
</head>
<body>
  <div class='ocr_page' id='page_1' title='image "./operalatinavari04schmgoog_0380.png"; bbox 0 0 3159 4792; ppageno 0'>
   <div class='ocr_carea' id='block_1_1' title="bbox 373 507 1002 581">
    <p class='ocr_par' dir='ltr' id='par_1_1' title="bbox 373 507 1002 581">
     <span class='ocr_line' id='line_1_1' title="bbox 373 507 1002 581; baseline -0.016 -5"><span class='ocrx_word' id='word_1_1' title='bbox 373 507 436 576; x_wconf 79' lang='grc'>372</span> <span class='ocrx_word' id='word_1_2' title='bbox 686 511 846 581; x_wconf 71' lang='lat' dir='ltr'><strong>Disputatio</strong></span> <span class='ocrx_word' id='word_1_3' title='bbox 865 510 899 565; x_wconf 87' lang='lat' dir='ltr'>D.</span> <span class='ocrx_word' id='word_1_4' title='bbox 918 510 952 565; x_wconf 81' lang='lat' dir='ltr'>ll.</span> <span class='ocrx_word' id='word_1_5' title='bbox 971 510 1002 566; x_wconf 88' lang='lat' dir='ltr'>L.</span> 
     </span>
    </p>
   </div>
   <div class='ocr_carea' id='block_1_2' title="bbox 375 694 1301 863">
    <p class='ocr_par' dir='ltr' id='par_1_2' title="bbox 375 694 1301 863">
     <span class='ocr_line' id='line_1_2' title="bbox 375 694 1301 780; baseline -0.009 -21"><span class='ocrx_word' id='word_1_6' title='bbox 375 697 456 779; x_wconf 83' lang='lat' dir='ltr'>apud</span> <span class='ocrx_word' id='word_1_7' title='bbox 478 697 633 777; x_wconf 77' lang='lat' dir='ltr'>Papisius,</span> <span class='ocrx_word' id='word_1_8' title='bbox 661 700 855 780; x_wconf 83' lang='lat' dir='ltr'>ignorantiae</span> <span class='ocrx_word' id='word_1_9' title='bbox 877 706 908 759; x_wconf 89' lang='lat' dir='ltr'>et</span> <span class='ocrx_word' id='word_1_10' title='bbox 929 696 1163 761; x_wconf 88' lang='lat' dir='ltr'>indooibilitatis</span> <span class='ocrx_word' id='word_1_11' title='bbox 1184 694 1301 775; x_wconf 85' lang='lat' dir='ltr'>potins,</span> 
     </span>
     <span class='ocr_line' id='line_1_3' title="bbox 375 782 970 863; baseline 0.003 -21"><span class='ocrx_word' id='word_1_12' title='bbox 375 801 466 861; x_wconf 89' lang='lat' dir='ltr'>quam</span> <span class='ocrx_word' id='word_1_13' title='bbox 489 782 625 861; x_wconf 83' lang='lat' dir='ltr'>oonlugii</span> <span class='ocrx_word' id='word_1_14' title='bbox 647 782 805 863; x_wconf 82' lang='lat' dir='ltr'>deponere</span> <span class='ocrx_word' id='word_1_15' title='bbox 827 782 970 844; x_wconf 79' lang='lat' dir='ltr'><strong>debebat.</strong></span> 
     </span>
    </p>
   </div>
   <div class='ocr_carea' id='block_1_3' title="bbox 399 861 1404 944">
    <p class='ocr_par' dir='ltr' id='par_1_3' title="bbox 399 861 1404 944">
     <span class='ocr_line' id='line_1_4' title="bbox 399 861 1404 944; baseline -0.012 -16"><span class='ocrx_word' id='word_1_16' title='bbox 399 868 469 928; x_wconf 89' lang='grc'><strong>120.</strong></span> <span class='ocrx_word' id='word_1_17' title='bbox 484 864 550 924; x_wconf 81' lang='lat' dir='ltr'>Etsi</span> <span class='ocrx_word' id='word_1_18' title='bbox 565 864 724 926; x_wconf 86' lang='lat' dir='ltr'>ferendum</span> <span class='ocrx_word' id='word_1_19' title='bbox 738 874 806 927; x_wconf 87' lang='lat' dir='ltr'>erat</span> <span class='ocrx_word' id='word_1_20' title='bbox 816 873 915 926; x_wconf 88' lang='lat' dir='ltr'>utrum</span> <span class='ocrx_word' id='word_1_21' title='bbox 928 867 956 944; x_wconf 84' lang='lat'>¹)</span> <span class='ocrx_word' id='word_1_22' title='bbox 982 864 1173 939; x_wconf 77' lang='lat' dir='ltr'>scandalum,</span> <span class='ocrx_word' id='word_1_23' title='bbox 1197 861 1303 941; x_wconf 87' lang='lat' dir='ltr'>potius</span> <span class='ocrx_word' id='word_1_24' title='bbox 1403 893 1404 901; x_wconf 27' lang='grc' dir='ltr'><strong>κ</strong></span> 
     </span>
    </p>
   </div>
   <div class='ocr_carea' id='block_1_4' title="bbox 342 948 1406 2605">
    <p class='ocr_par' dir='ltr' id='par_1_4' title="bbox 376 948 1184 1027">
     <span class='ocr_line' id='line_1_5' title="bbox 376 948 1184 1027; baseline -0.001 -19"><span class='ocrx_word' id='word_1_25' title='bbox 376 948 538 1027; x_wconf 80' lang='lat' dir='ltr'>digamiae,</span> <span class='ocrx_word' id='word_1_26' title='bbox 560 966 652 1027; x_wconf 89' lang='lat' dir='ltr'>quam</span> <span class='ocrx_word' id='word_1_27' title='bbox 674 949 906 1009; x_wconf 78' lang='lat' dir='ltr'>indocibilitatis</span> <span class='ocrx_word' id='word_1_28' title='bbox 926 948 1083 1009; x_wconf 85' lang='lat' dir='ltr'>ferendum</span> <span class='ocrx_word' id='word_1_29' title='bbox 1106 952 1184 1007; x_wconf 86' lang='lat' dir='ltr'>erat.</span> 
     </span>
    </p>

    <p class='ocr_par' dir='ltr' id='par_1_5' title="bbox 377 1028 1337 1359">
     <span class='ocr_line' id='line_1_6' title="bbox 398 1028 1302 1112; baseline -0.008 -19"><span class='ocrx_word' id='word_1_30' title='bbox 398 1032 467 1094; x_wconf 85' lang='lat'><strong>121.</strong></span> <span class='ocrx_word' id='word_1_31' title='bbox 491 1028 623 1091; x_wconf 79' lang='lat' dir='ltr'>Crudele</span> <span class='ocrx_word' id='word_1_32' title='bbox 645 1050 770 1111; x_wconf 89' lang='lat' dir='ltr'>quoque</span> <span class='ocrx_word' id='word_1_33' title='bbox 791 1040 823 1093; x_wconf 87' lang='lat' dir='ltr'>et</span> <span class='ocrx_word' id='word_1_34' title='bbox 843 1034 969 1112; x_wconf 88' lang='lat' dir='ltr'>impium</span> <span class='ocrx_word' id='word_1_35' title='bbox 993 1038 1053 1111; x_wconf 84' lang='lat' dir='ltr'>eat,</span> <span class='ocrx_word' id='word_1_36' title='bbox 1076 1036 1110 1090; x_wconf 90' lang='lat' dir='ltr'>ut</span> <span class='ocrx_word' id='word_1_37' title='bbox 1131 1029 1302 1108; x_wconf 82' lang='lat' dir='ltr'>episcopus</span> 
     </span>
     <span class='ocr_line' id='line_1_7' title="bbox 377 1113 1303 1192; baseline -0.002 -20"><span class='ocrx_word' id='word_1_38' title='bbox 377 1116 442 1173; x_wconf 90' lang='lat' dir='ltr'>sine</span> <span class='ocrx_word' id='word_1_39' title='bbox 464 1113 556 1192; x_wconf 83' lang='lat' dir='ltr'>culpa</span> <span class='ocrx_word' id='word_1_40' title='bbox 577 1116 709 1176; x_wconf 85' lang='lat' dir='ltr'>oonsilio</span> <span class='ocrx_word' id='word_1_41' title='bbox 733 1122 765 1175; x_wconf 87' lang='lat' dir='ltr'>et</span> <span class='ocrx_word' id='word_1_42' title='bbox 786 1115 925 1176; x_wconf 89' lang='lat' dir='ltr'>remedio</span> <span class='ocrx_word' id='word_1_43' title='bbox 947 1115 1033 1176; x_wconf 80' lang='lat' dir='ltr'>Pauli</span> <span class='ocrx_word' id='word_1_44' title='bbox 1061 1114 1240 1189; x_wconf 80' lang='lat' dir='ltr'>frustretur,</span> <span class='ocrx_word' id='word_1_45' title='bbox 1273 1122 1303 1171; x_wconf 89' lang='lat' dir='ltr'>et</span> 
     </span>
     <span class='ocr_line' id='line_1_8' title="bbox 378 1195 1301 1278; baseline 0.001 -24"><span class='ocrx_word' id='word_1_46' title='bbox 378 1196 425 1255; x_wconf 85' lang='lat' dir='ltr'>vel</span> <span class='ocrx_word' id='word_1_47' title='bbox 461 1195 586 1256; x_wconf 86' lang='lat' dir='ltr'>ooeleba</span> <span class='ocrx_word' id='word_1_48' title='bbox 617 1199 722 1258; x_wconf 82' lang='lat' dir='ltr'>vivere</span> <span class='ocrx_word' id='word_1_49' title='bbox 753 1210 850 1260; x_wconf 87' lang='lat' dir='ltr'>uxore</span> <span class='ocrx_word' id='word_1_50' title='bbox 868 1204 1018 1278; x_wconf 81' lang='lat' dir='ltr'>mortua,</span> <span class='ocrx_word' id='word_1_51' title='bbox 1046 1197 1095 1257; x_wconf 88' lang='lat' dir='ltr'>vel</span> <span class='ocrx_word' id='word_1_52' title='bbox 1128 1196 1301 1255; x_wconf 88' lang='lat' dir='ltr'>ministerio</span> 
     </span>
     <span class='ocr_line' id='line_1_9' title="bbox 377 1277 1337 1359; baseline 0 -20"><span class='ocrx_word' id='word_1_53' title='bbox 377 1277 486 1339; x_wconf 83' lang='lat' dir='ltr'><strong>cedere</strong></span> <span class='ocrx_word' id='word_1_54' title='bbox 509 1287 647 1359; x_wconf 77' lang='lat' dir='ltr'><strong>cogatur.</strong></span> <span class='ocrx_word' id='word_1_55' title='bbox 1031 1278 1034 1285; x_wconf 84' lang='lat'>&#39;</span> <span class='ocrx_word' id='word_1_56' title='bbox 1335 1334 1337 1339; x_wconf 91' lang='lat'><em>.</em></span> 
     </span>
    </p>

    <p class='ocr_par' dir='ltr' id='par_1_6' title="bbox 379 1360 1341 1673">
     <span class='ocr_line' id='line_1_10' title="bbox 399 1360 1341 1425; baseline -0.006 0"><span class='ocrx_word' id='word_1_57' title='bbox 399 1364 467 1425; x_wconf 90' lang='grc'><strong>122.</strong></span> <span class='ocrx_word' id='word_1_58' title='bbox 497 1362 644 1425; x_wconf 82' lang='lat' dir='ltr'>Frustrari</span> <span class='ocrx_word' id='word_1_59' title='bbox 677 1370 779 1424; x_wconf 87' lang='lat' dir='ltr'>autem</span> <span class='ocrx_word' id='word_1_60' title='bbox 817 1382 945 1424; x_wconf 80' lang='lat' dir='ltr'>neeesse</span> <span class='ocrx_word' id='word_1_61' title='bbox 987 1369 1033 1422; x_wconf 86' lang='lat' dir='ltr'>est</span> <span class='ocrx_word' id='word_1_62' title='bbox 1066 1369 1128 1422; x_wconf 88' lang='lat' dir='ltr'>tum</span> <span class='ocrx_word' id='word_1_63' title='bbox 1162 1360 1302 1421; x_wconf 87' lang='lat' dir='ltr'>remedio</span> <span class='ocrx_word' id='word_1_64' title='bbox 1331 1400 1341 1425; x_wconf 80' lang='grc'>,</span> 
     </span>
     <span class='ocr_line' id='line_1_11' title="bbox 379 1442 1302 1527; baseline -0.002 -22"><span class='ocrx_word' id='word_1_65' title='bbox 379 1455 441 1505; x_wconf 89' lang='lat' dir='ltr'>tum</span> <span class='ocrx_word' id='word_1_66' title='bbox 464 1446 595 1507; x_wconf 85' lang='lat' dir='ltr'>oonsilio</span> <span class='ocrx_word' id='word_1_67' title='bbox 617 1446 704 1507; x_wconf 87' lang='lat' dir='ltr'>Pauli</span> <span class='ocrx_word' id='word_1_68' title='bbox 725 1466 797 1507; x_wconf 90' lang='lat' dir='ltr'>eum</span> <span class='ocrx_word' id='word_1_69' title='bbox 821 1448 1022 1527; x_wconf 69' lang='lat' dir='ltr'>episcopum,</span> <span class='ocrx_word' id='word_1_70' title='bbox 1048 1447 1098 1524; x_wconf 91' lang='lat' dir='ltr'>qui</span> <span class='ocrx_word' id='word_1_71' title='bbox 1129 1451 1213 1505; x_wconf 88' lang='lat' dir='ltr'>metu</span> <span class='ocrx_word' id='word_1_72' title='bbox 1237 1442 1302 1503; x_wconf 89' lang='lat' dir='ltr'>libi·</span> 
     </span>
     <span class='ocr_line' id='line_1_12' title="bbox 379 1526 1304 1608; baseline -0.004 -19"><span class='ocrx_word' id='word_1_73' title='bbox 379 1528 458 1589; x_wconf 88' lang='lat' dir='ltr'>dinis</span> <span class='ocrx_word' id='word_1_74' title='bbox 489 1547 616 1589; x_wconf 83' lang='lat' dir='ltr'>uxorem</span> <span class='ocrx_word' id='word_1_75' title='bbox 645 1529 750 1608; x_wconf 84' lang='lat' dir='ltr'>duxit,</span> <span class='ocrx_word' id='word_1_76' title='bbox 785 1548 876 1608; x_wconf 79' lang='lat' dir='ltr'>quae</span> <span class='ocrx_word' id='word_1_77' title='bbox 896 1529 990 1589; x_wconf 91' lang='lat' dir='ltr'>biduo</span> <span class='ocrx_word' id='word_1_78' title='bbox 1019 1528 1068 1588; x_wconf 90' lang='lat' dir='ltr'>vel</span> <span class='ocrx_word' id='word_1_79' title='bbox 1098 1526 1200 1589; x_wconf 86' lang='lat' dir='ltr'>triduo</span> <span class='ocrx_word' id='word_1_80' title='bbox 1232 1534 1304 1607; x_wconf 86' lang='lat' dir='ltr'>post</span> 
     </span>
     <span class='ocr_line' id='line_1_13' title="bbox 382 1612 1147 1673; baseline -0.001 0"><span class='ocrx_word' id='word_1_81' title='bbox 382 1612 518 1673; x_wconf 86' lang='lat' dir='ltr'>moritur.</span> <span class='ocrx_word' id='word_1_82' title='bbox 1143 1635 1147 1643; x_wconf 59' lang='grc'><strong>“</strong></span> 
     </span>
    </p>

    <p class='ocr_par' dir='ltr' id='par_1_7' title="bbox 381 1692 1305 2005">
     <span class='ocr_line' id='line_1_14' title="bbox 401 1692 1305 1761; baseline -0.007 -4"><span class='ocrx_word' id='word_1_83' title='bbox 401 1696 471 1758; x_wconf 86' lang='grc'><strong>123.</strong></span> <span class='ocrx_word' id='word_1_84' title='bbox 500 1692 579 1755; x_wconf 83' lang='lat' dir='ltr'>Tum</span> <span class='ocrx_word' id='word_1_85' title='bbox 616 1713 689 1755; x_wconf 85' lang='lat' dir='ltr'>vera</span> <span class='ocrx_word' id='word_1_86' title='bbox 717 1693 830 1755; x_wconf 84' lang='lat' dir='ltr'>Paulus</span> <span class='ocrx_word' id='word_1_87' title='bbox 862 1714 924 1755; x_wconf 90' lang='lat' dir='ltr'>uon</span> <span class='ocrx_word' id='word_1_88' title='bbox 957 1694 1118 1754; x_wconf 84' lang='lat' dir='ltr'>eonsilium</span> <span class='ocrx_word' id='word_1_89' title='bbox 1143 1699 1232 1761; x_wconf 83' lang='lat' dir='ltr'>(oum</span> <span class='ocrx_word' id='word_1_90' title='bbox 1267 1694 1305 1752; x_wconf 87' lang='lat' dir='ltr'>sit</span> 
     </span>
     <span class='ocr_line' id='line_1_15' title="bbox 381 1776 1303 1857; baseline -0.004 -19"><span class='ocrx_word' id='word_1_91' title='bbox 381 1796 463 1838; x_wconf 86' lang='lat' dir='ltr'>mors</span> <span class='ocrx_word' id='word_1_92' title='bbox 486 1778 589 1838; x_wconf 86' lang='lat' dir='ltr'>uxoris</span> <span class='ocrx_word' id='word_1_93' title='bbox 610 1778 758 1857; x_wconf 83' lang='lat' dir='ltr'>ineerta),</span> <span class='ocrx_word' id='word_1_94' title='bbox 782 1778 837 1839; x_wconf 88' lang='lat' dir='ltr'>sed</span> <span class='ocrx_word' id='word_1_95' title='bbox 859 1776 1032 1855; x_wconf 85' lang='lat' dir='ltr'>ludibrium,</span> <span class='ocrx_word' id='word_1_96' title='bbox 1054 1796 1113 1837; x_wconf 89' lang='lat' dir='ltr'>neo</span> <span class='ocrx_word' id='word_1_97' title='bbox 1133 1776 1303 1836; x_wconf 89' lang='lat' dir='ltr'>remedium</span> 
     </span>
     <span class='ocr_line' id='line_1_16' title="bbox 381 1859 1305 2002; baseline -0.004 -81"><span class='ocrx_word' id='word_1_98' title='bbox 381 1860 528 2002; x_wconf 61' lang='grc' dir='ltr'>οοάιιίιιςίῐ,</span> <span class='ocrx_word' id='word_1_99' title='bbox 551 1859 604 1919; x_wconf 86' lang='lat' dir='ltr'>sed</span> <span class='ocrx_word' id='word_1_100' title='bbox 626 1868 743 1921; x_wconf 83' lang='lat' dir='ltr'>eertum</span> <span class='ocrx_word' id='word_1_101' title='bbox 764 1860 934 1942; x_wconf 84' lang='lat' dir='ltr'>perieulum</span> <span class='ocrx_word' id='word_1_102' title='bbox 958 1864 991 1922; x_wconf 89' lang='lat' dir='ltr'>et</span> <span class='ocrx_word' id='word_1_103' title='bbox 1005 1860 1147 1940; x_wconf 87' lang='lat' dir='ltr'>laqueum</span> <span class='ocrx_word' id='word_1_104' title='bbox 1160 1860 1305 1940; x_wconf 83' lang='lat' dir='ltr'>posuisse</span> 
     </span>
     <span class='ocr_line' id='line_1_17' title="bbox 381 1946 546 2005; baseline 0.006 -1"><span class='ocrx_word' id='word_1_105' title='bbox 381 1946 411 2004; x_wconf 86' lang='lat' dir='ltr'>vi</span> <span class='ocrx_word' id='word_1_106' title='bbox 434 1952 546 2005; x_wconf 87' lang='lat' dir='ltr'>eretur.</span> 
     </span>
    </p>

    <p class='ocr_par' dir='ltr' id='par_1_8' title="bbox 381 2025 1307 2271">
     <span class='ocr_line' id='line_1_18' title="bbox 402 2025 1304 2107; baseline -0.007 -18"><span class='ocrx_word' id='word_1_107' title='bbox 402 2028 471 2089; x_wconf 83' lang='grc'><strong>124.</strong></span> <span class='ocrx_word' id='word_1_108' title='bbox 501 2025 608 2085; x_wconf 79' lang='lat' dir='ltr'>Tutius</span> <span class='ocrx_word' id='word_1_109' title='bbox 630 2027 712 2086; x_wconf 90' lang='lat' dir='ltr'>enim</span> <span class='ocrx_word' id='word_1_110' title='bbox 735 2034 835 2104; x_wconf 81' lang='lat' dir='ltr'>esset,</span> <span class='ocrx_word' id='word_1_111' title='bbox 864 2046 988 2107; x_wconf 87' lang='lat' dir='ltr'>prorsus</span> <span class='ocrx_word' id='word_1_112' title='bbox 1011 2044 1072 2086; x_wconf 93' lang='lat' dir='ltr'>non</span> <span class='ocrx_word' id='word_1_113' title='bbox 1097 2025 1162 2085; x_wconf 86' lang='lat' dir='ltr'>lieri</span> <span class='ocrx_word' id='word_1_114' title='bbox 1185 2026 1304 2104; x_wconf 83' lang='lat' dir='ltr'>episeo-</span> 
     </span>
     <span class='ocr_line' id='line_1_19' title="bbox 381 2108 1306 2191; baseline -0.003 -23"><span class='ocrx_word' id='word_1_115' title='bbox 381 2128 471 2191; x_wconf 81' lang='lat' dir='ltr'>pum,</span> <span class='ocrx_word' id='word_1_116' title='bbox 499 2115 637 2169; x_wconf 88' lang='lat' dir='ltr'>autnon</span> <span class='ocrx_word' id='word_1_117' title='bbox 657 2110 700 2169; x_wconf 86' lang='lat' dir='ltr'>uti</span> <span class='ocrx_word' id='word_1_118' title='bbox 724 2110 853 2171; x_wconf 89' lang='lat' dir='ltr'>oonsilio</span> <span class='ocrx_word' id='word_1_119' title='bbox 875 2109 976 2187; x_wconf 85' lang='lat' dir='ltr'>Pauli,</span> <span class='ocrx_word' id='word_1_120' title='bbox 1004 2126 1094 2189; x_wconf 91' lang='lat' dir='ltr'>quam</span> <span class='ocrx_word' id='word_1_121' title='bbox 1117 2115 1206 2169; x_wconf 86' lang='lat' dir='ltr'>tent-o</span> <span class='ocrx_word' id='word_1_122' title='bbox 1229 2108 1306 2187; x_wconf 87' lang='lat' dir='ltr'>peri·</span> 
     </span>
     <span class='ocr_line' id='line_1_20' title="bbox 383 2190 1307 2271; baseline -0.004 -19"><span class='ocrx_word' id='word_1_123' title='bbox 383 2192 453 2254; x_wconf 90' lang='lat' dir='ltr'>oulo</span> <span class='ocrx_word' id='word_1_124' title='bbox 478 2192 525 2252; x_wconf 88' lang='lat' dir='ltr'>vel</span> <span class='ocrx_word' id='word_1_125' title='bbox 547 2190 691 2271; x_wconf 85' lang='lat' dir='ltr'>libidinis,</span> <span class='ocrx_word' id='word_1_126' title='bbox 712 2193 763 2253; x_wconf 87' lang='lat' dir='ltr'>vel</span> <span class='ocrx_word' id='word_1_127' title='bbox 778 2194 936 2254; x_wconf 88' lang='lat' dir='ltr'>ministerii</span> <span class='ocrx_word' id='word_1_128' title='bbox 949 2191 1141 2270; x_wconf 88' lang='lat' dir='ltr'>relinquendi</span> <span class='ocrx_word' id='word_1_129' title='bbox 1155 2190 1307 2251; x_wconf 78' lang='lat' dir='ltr'>fluctuari.</span> 
     </span>
    </p>

    <p class='ocr_par' dir='ltr' id='par_1_9' title="bbox 342 2274 1406 2440">
     <span class='ocr_line' id='line_1_21' title="bbox 408 2274 1307 2355; baseline -0.008 -16"><span class='ocrx_word' id='word_1_130' title='bbox 408 2278 475 2339; x_wconf 88' lang='grc'><strong>125.</strong></span> <span class='ocrx_word' id='word_1_131' title='bbox 498 2274 583 2336; x_wconf 82' lang='lat' dir='ltr'>Siout</span> <span class='ocrx_word' id='word_1_132' title='bbox 604 2275 634 2335; x_wconf 91' lang='lat' dir='ltr'>in</span> <span class='ocrx_word' id='word_1_133' title='bbox 657 2277 814 2355; x_wconf 86' lang='lat' dir='ltr'>primitiva</span> <span class='ocrx_word' id='word_1_134' title='bbox 836 2276 970 2337; x_wconf 77' lang='lat' dir='ltr'>ecelesia</span> <span class='ocrx_word' id='word_1_135' title='bbox 992 2274 1145 2335; x_wconf 87' lang='lat' dir='ltr'>laudabile</span> <span class='ocrx_word' id='word_1_136' title='bbox 1160 2274 1227 2351; x_wconf 88' lang='lat' dir='ltr'>fuit,</span> <span class='ocrx_word' id='word_1_137' title='bbox 1249 2274 1307 2333; x_wconf 89' lang='lat' dir='ltr'>vir-</span> 
     </span>
     <span class='ocr_line' id='line_1_22' title="bbox 342 2357 1406 2440; baseline -0.003 -21"><span class='ocrx_word' id='word_1_138' title='bbox 342 2395 344 2407; x_wconf 64' lang='grc' dir='ltr'>ι</span> <span class='ocrx_word' id='word_1_139' title='bbox 384 2360 542 2440; x_wconf 86' lang='lat' dir='ltr'>giuitatem</span> <span class='ocrx_word' id='word_1_140' title='bbox 566 2364 597 2418; x_wconf 89' lang='lat' dir='ltr'>et</span> <span class='ocrx_word' id='word_1_141' title='bbox 618 2359 803 2419; x_wconf 81' lang='lat' dir='ltr'>coelibatum</span> <span class='ocrx_word' id='word_1_142' title='bbox 827 2359 991 2437; x_wconf 83' lang='lat' dir='ltr'>extollere,</span> <span class='ocrx_word' id='word_1_143' title='bbox 1020 2364 1126 2419; x_wconf 82' lang='lat' dir='ltr'>eontra</span> <span class='ocrx_word' id='word_1_144' title='bbox 1149 2357 1305 2417; x_wconf 75' lang='lat' dir='ltr'>licentiam</span> <span class='ocrx_word' id='word_1_145' title='bbox 1405 2405 1406 2409; x_wconf 65' lang='lat'>,</span> 
     </span>
    </p>

    <p class='ocr_par' dir='ltr' id='par_1_10' title="bbox 384 2441 1406 2522">
     <span class='ocr_line' id='line_1_23' title="bbox 384 2441 1406 2522; baseline -0.001 -19"><span class='ocrx_word' id='word_1_146' title='bbox 384 2441 501 2503; x_wconf 87' lang='lat' dir='ltr'>ludaioi</span> <span class='ocrx_word' id='word_1_147' title='bbox 523 2442 657 2521; x_wconf 82' lang='lat' dir='ltr'>coniugii</span> <span class='ocrx_word' id='word_1_148' title='bbox 682 2451 714 2502; x_wconf 90' lang='lat' dir='ltr'>et</span> <span class='ocrx_word' id='word_1_149' title='bbox 734 2443 858 2522; x_wconf 83' lang='lat' dir='ltr'>gentilis</span> <span class='ocrx_word' id='word_1_150' title='bbox 879 2443 1086 2503; x_wconf 75' lang='lat' dir='ltr'>scortationis.</span> <span class='ocrx_word' id='word_1_151' title='bbox 1405 2444 1406 2467; x_wconf 67' lang='lat'>¹</span> 
     </span>
    </p>

    <p class='ocr_par' dir='ltr' id='par_1_11' title="bbox 406 2522 1308 2605">
     <span class='ocr_line' id='line_1_24' title="bbox 406 2522 1308 2605; baseline -0.007 -17"><span class='ocrx_word' id='word_1_152' title='bbox 406 2527 475 2588; x_wconf 86' lang='grc'><strong>126.</strong></span> <span class='ocrx_word' id='word_1_153' title='bbox 505 2524 550 2584; x_wconf 85' lang='lat' dir='ltr'>lta</span> <span class='ocrx_word' id='word_1_154' title='bbox 570 2543 652 2583; x_wconf 90' lang='lat' dir='ltr'>nuno</span> <span class='ocrx_word' id='word_1_155' title='bbox 674 2524 829 2587; x_wconf 75' lang='lat' dir='ltr'>laudabile</span> <span class='ocrx_word' id='word_1_156' title='bbox 859 2535 921 2605; x_wconf 85' lang='lat' dir='ltr'>est,</span> <span class='ocrx_word' id='word_1_157' title='bbox 954 2526 1128 2605; x_wconf 81' lang='lat' dir='ltr'>coniugium</span> <span class='ocrx_word' id='word_1_158' title='bbox 1156 2522 1308 2583; x_wconf 82' lang='lat' dir='ltr'>extollere</span> 
     </span>
    </p>
   </div>
   <div class='ocr_carea' id='block_1_5' title="bbox 264 2606 1308 2685">
    <p class='ocr_par' dir='ltr' id='par_1_12' title="bbox 264 2606 1308 2685">
     <span class='ocr_line' id='line_1_25' title="bbox 264 2606 1308 2685; baseline -0.002 -19"><span class='ocrx_word' id='word_1_159' title='bbox 264 2644 269 2666; x_wconf 81' lang='grc'><strong>.</strong></span> <span class='ocrx_word' id='word_1_160' title='bbox 384 2612 492 2668; x_wconf 88' lang='lat' dir='ltr'>oontra</span> <span class='ocrx_word' id='word_1_161' title='bbox 524 2607 709 2668; x_wconf 83' lang='lat' dir='ltr'>coelibatum</span> <span class='ocrx_word' id='word_1_162' title='bbox 742 2608 894 2669; x_wconf 79' lang='lat' dir='ltr'>ecelesiae</span> <span class='ocrx_word' id='word_1_163' title='bbox 933 2608 1135 2685; x_wconf 78' lang='lat' dir='ltr'>derivativae,</span> <span class='ocrx_word' id='word_1_164' title='bbox 1178 2606 1209 2665; x_wconf 91' lang='lat' dir='ltr'>id</span> <span class='ocrx_word' id='word_1_165' title='bbox 1251 2616 1308 2682; x_wconf 86' lang='lat' dir='ltr'>est,</span> 
     </span>
    </p>
   </div>
   <div class='ocr_carea' id='block_1_6' title="bbox 354 2689 1312 3853">
    <p class='ocr_par' dir='ltr' id='par_1_13' title="bbox 386 2689 1181 2771">
     <span class='ocr_line' id='line_1_26' title="bbox 386 2689 1181 2771; baseline 0.003 -22"><span class='ocrx_word' id='word_1_166' title='bbox 386 2696 495 2750; x_wconf 87' lang='lat' dir='ltr'>ooutra</span> <span class='ocrx_word' id='word_1_167' title='bbox 515 2689 717 2769; x_wconf 76' lang='lat' dir='ltr'>prostibulum</span> <span class='ocrx_word' id='word_1_168' title='bbox 740 2693 910 2771; x_wconf 87' lang='lat' dir='ltr'>papistioae</span> <span class='ocrx_word' id='word_1_169' title='bbox 932 2691 1181 2752; x_wconf 85' lang='lat' dir='ltr'>abominationis.</span> 
     </span>
    </p>

    <p class='ocr_par' dir='ltr' id='par_1_14' title="bbox 354 2772 1310 2937">
     <span class='ocr_line' id='line_1_27' title="bbox 408 2772 1310 2837; baseline -0.007 0"><span class='ocrx_word' id='word_1_170' title='bbox 408 2775 477 2837; x_wconf 88' lang='grc'><strong>127.</strong></span> <span class='ocrx_word' id='word_1_171' title='bbox 508 2772 583 2833; x_wconf 84' lang='lat' dir='ltr'>Cum</span> <span class='ocrx_word' id='word_1_172' title='bbox 606 2774 687 2833; x_wconf 88' lang='lat' dir='ltr'>enim</span> <span class='ocrx_word' id='word_1_173' title='bbox 709 2774 880 2835; x_wconf 81' lang='lat' dir='ltr'>coelibatus</span> <span class='ocrx_word' id='word_1_174' title='bbox 901 2774 994 2836; x_wconf 91' lang='lat' dir='ltr'>hodie</span> <span class='ocrx_word' id='word_1_175' title='bbox 1021 2775 1060 2835; x_wconf 87' lang='lat' dir='ltr'>sit</span> <span class='ocrx_word' id='word_1_176' title='bbox 1089 2773 1153 2834; x_wconf 87' lang='lat' dir='ltr'>lere</span> <span class='ocrx_word' id='word_1_177' title='bbox 1174 2772 1310 2835; x_wconf 81' lang='lat' dir='ltr'>voeabu-</span> 
     </span>
     <span class='ocr_line' id='line_1_28' title="bbox 354 2856 1182 2937; baseline 0 -22"><span class='ocrx_word' id='word_1_178' title='bbox 354 2873 357 2879; x_wconf 83' lang='grc'><strong>’</strong></span> <span class='ocrx_word' id='word_1_179' title='bbox 387 2856 450 2916; x_wconf 90' lang='lat' dir='ltr'>lum</span> <span class='ocrx_word' id='word_1_180' title='bbox 472 2857 539 2917; x_wconf 87' lang='lat' dir='ltr'>sine</span> <span class='ocrx_word' id='word_1_181' title='bbox 561 2876 603 2936; x_wconf 79' lang='lat' dir='ltr'>re,</span> <span class='ocrx_word' id='word_1_182' title='bbox 624 2858 875 2937; x_wconf 79' lang='lat' dir='ltr'>perniciosissimi</span> <span class='ocrx_word' id='word_1_183' title='bbox 898 2856 1017 2919; x_wconf 86' lang='lat' dir='ltr'>soilioet</span> <span class='ocrx_word' id='word_1_184' title='bbox 1039 2856 1182 2935; x_wconf 85' lang='lat' dir='ltr'>exempli.</span> 
     </span>
    </p>

    <p class='ocr_par' dir='ltr' id='par_1_15' title="bbox 387 2938 1310 3171">
     <span class='ocr_line' id='line_1_29' title="bbox 410 2938 1308 3021; baseline -0.007 -17"><span class='ocrx_word' id='word_1_185' title='bbox 410 2941 479 3004; x_wconf 87' lang='grc'><strong>128.</strong></span> <span class='ocrx_word' id='word_1_186' title='bbox 501 2940 597 3000; x_wconf 85' lang='lat' dir='ltr'>Reate</span> <span class='ocrx_word' id='word_1_187' title='bbox 618 2940 732 3001; x_wconf 78' lang='lat' dir='ltr'>facient</span> <span class='ocrx_word' id='word_1_188' title='bbox 753 2942 846 3001; x_wconf 87' lang='lat' dir='ltr'>etiam</span> <span class='ocrx_word' id='word_1_189' title='bbox 868 2942 899 3021; x_wconf 87' lang='lat' dir='ltr'>ii,</span> <span class='ocrx_word' id='word_1_190' title='bbox 922 2943 972 3021; x_wconf 89' lang='lat' dir='ltr'>qui</span> <span class='ocrx_word' id='word_1_191' title='bbox 988 2960 1050 3002; x_wconf 91' lang='lat' dir='ltr'>non</span> <span class='ocrx_word' id='word_1_192' title='bbox 1066 2938 1156 3001; x_wconf 87' lang='lat' dir='ltr'>valde</span> <span class='ocrx_word' id='word_1_193' title='bbox 1171 2945 1308 3014; x_wconf 81' lang='lat' dir='ltr'>uruntur,</span> 
     </span>
     <span class='ocr_line' id='line_1_30' title="bbox 387 3022 1310 3105; baseline -0.003 -22"><span class='ocrx_word' id='word_1_194' title='bbox 387 3024 412 3083; x_wconf 89' lang='lat' dir='ltr'>si</span> <span class='ocrx_word' id='word_1_195' title='bbox 435 3022 578 3103; x_wconf 86' lang='lat' dir='ltr'>exemplo</span> <span class='ocrx_word' id='word_1_196' title='bbox 601 3042 658 3083; x_wconf 86' lang='lat' dir='ltr'>suo</span> <span class='ocrx_word' id='word_1_197' title='bbox 681 3025 816 3105; x_wconf 79' lang='lat' dir='ltr'>coniugii</span> <span class='ocrx_word' id='word_1_198' title='bbox 845 3042 968 3085; x_wconf 86' lang='lat' dir='ltr'>oausam</span> <span class='ocrx_word' id='word_1_199' title='bbox 1003 3026 1125 3102; x_wconf 85' lang='lat' dir='ltr'>iuvent,</span> <span class='ocrx_word' id='word_1_200' title='bbox 1159 3022 1198 3083; x_wconf 83' lang='lat' dir='ltr'>ad</span> <span class='ocrx_word' id='word_1_201' title='bbox 1229 3022 1310 3082; x_wconf 88' lang='lat' dir='ltr'>illius</span> 
     </span>
     <span class='ocr_line' id='line_1_31' title="bbox 389 3105 688 3171; baseline 0.017 -5"><span class='ocrx_word' id='word_1_202' title='bbox 389 3105 688 3171; x_wconf 84' lang='lat' dir='ltr'>condemnationem.</span> 
     </span>
    </p>

    <p class='ocr_par' dir='ltr' id='par_1_16' title="bbox 388 3186 1310 3438">
     <span class='ocr_line' id='line_1_32' title="bbox 410 3186 1309 3253; baseline -0.007 -1"><span class='ocrx_word' id='word_1_203' title='bbox 410 3192 480 3253; x_wconf 85' lang='lat'><strong>129.</strong></span> <span class='ocrx_word' id='word_1_204' title='bbox 515 3187 593 3249; x_wconf 85' lang='lat' dir='ltr'>Nam</span> <span class='ocrx_word' id='word_1_205' title='bbox 633 3208 701 3250; x_wconf 89' lang='lat' dir='ltr'>oum</span> <span class='ocrx_word' id='word_1_206' title='bbox 741 3190 852 3251; x_wconf 86' lang='lat' dir='ltr'>Daniel</span> <span class='ocrx_word' id='word_1_207' title='bbox 886 3195 917 3251; x_wconf 91' lang='lat' dir='ltr'>et</span> <span class='ocrx_word' id='word_1_208' title='bbox 947 3190 1059 3251; x_wconf 82' lang='lat' dir='ltr'>Paulus</span> <span class='ocrx_word' id='word_1_209' title='bbox 1097 3186 1309 3249; x_wconf 77' lang='lat' dir='ltr'>antichristum</span> 
     </span>
     <span class='ocr_line' id='line_1_33' title="bbox 388 3270 1310 3355; baseline -0.004 -22"><span class='ocrx_word' id='word_1_210' title='bbox 388 3271 568 3353; x_wconf 82' lang='lat' dir='ltr'>praedioent</span> <span class='ocrx_word' id='word_1_211' title='bbox 599 3272 666 3333; x_wconf 89' lang='lat' dir='ltr'>fore</span> <span class='ocrx_word' id='word_1_212' title='bbox 692 3273 813 3334; x_wconf 90' lang='lat' dir='ltr'>hostem</span> <span class='ocrx_word' id='word_1_213' title='bbox 840 3274 977 3355; x_wconf 77' lang='lat' dir='ltr'>coniugii</span> <span class='ocrx_word' id='word_1_214' title='bbox 1016 3280 1217 3350; x_wconf 86' lang='lat' dir='ltr'>autoremque</span> <span class='ocrx_word' id='word_1_215' title='bbox 1246 3270 1310 3331; x_wconf 87' lang='lat' dir='ltr'>libi·</span> 
     </span>
     <span class='ocr_line' id='line_1_34' title="bbox 390 3356 795 3438; baseline 0 -21"><span class='ocrx_word' id='word_1_216' title='bbox 390 3356 469 3417; x_wconf 93' lang='lat' dir='ltr'>dinis</span> <span class='ocrx_word' id='word_1_217' title='bbox 491 3363 523 3415; x_wconf 90' lang='lat' dir='ltr'>et</span> <span class='ocrx_word' id='word_1_218' title='bbox 544 3356 643 3417; x_wconf 91' lang='lat' dir='ltr'>omnis</span> <span class='ocrx_word' id='word_1_219' title='bbox 665 3359 795 3438; x_wconf 80' lang='lat' dir='ltr'>peceati.</span> 
     </span>
    </p>

    <p class='ocr_par' dir='ltr' id='par_1_17' title="bbox 390 3438 1312 3603">
     <span class='ocr_line' id='line_1_35' title="bbox 411 3438 1312 3517; baseline -0.007 -16"><span class='ocrx_word' id='word_1_220' title='bbox 411 3441 480 3504; x_wconf 85' lang='lat'><strong>130.</strong></span> <span class='ocrx_word' id='word_1_221' title='bbox 509 3438 690 3500; x_wconf 84' lang='lat' dir='ltr'>Oonsultum</span> <span class='ocrx_word' id='word_1_222' title='bbox 714 3449 744 3500; x_wconf 90' lang='lat' dir='ltr'>et</span> <span class='ocrx_word' id='word_1_223' title='bbox 765 3440 900 3500; x_wconf 87' lang='lat' dir='ltr'>salutare</span> <span class='ocrx_word' id='word_1_224' title='bbox 923 3447 984 3515; x_wconf 79' lang='lat' dir='ltr'>est,</span> <span class='ocrx_word' id='word_1_225' title='bbox 1013 3438 1068 3499; x_wconf 89' lang='lat' dir='ltr'>sub</span> <span class='ocrx_word' id='word_1_226' title='bbox 1090 3438 1151 3499; x_wconf 90' lang='lat' dir='ltr'>hoo</span> <span class='ocrx_word' id='word_1_227' title='bbox 1173 3438 1312 3517; x_wconf 89' lang='lat' dir='ltr'>impuris-</span> 
     </span>
     <span class='ocr_line' id='line_1_36' title="bbox 390 3519 1312 3603; baseline 0 -21"><span class='ocrx_word' id='word_1_228' title='bbox 390 3523 468 3582; x_wconf 88' lang='lat' dir='ltr'>simo</span> <span class='ocrx_word' id='word_1_229' title='bbox 496 3520 630 3582; x_wconf 83' lang='lat' dir='ltr'>lrbrdrnrs</span> <span class='ocrx_word' id='word_1_230' title='bbox 662 3542 760 3603; x_wconf 85' lang='lat' dir='ltr'>regno</span> <span class='ocrx_word' id='word_1_231' title='bbox 788 3542 972 3603; x_wconf 82' lang='lat' dir='ltr'>quoeunque</span> <span class='ocrx_word' id='word_1_232' title='bbox 1001 3523 1146 3602; x_wconf 86' lang='lat' dir='ltr'>ooniuglo</span> <span class='ocrx_word' id='word_1_233' title='bbox 1178 3519 1312 3582; x_wconf 85' lang='lat' dir='ltr'>liberari.</span> 
     </span>
    </p>

    <p class='ocr_par' dir='ltr' id='par_1_18' title="bbox 391 3603 1312 3853">
     <span class='ocr_line' id='line_1_37' title="bbox 412 3603 1312 3687; baseline -0.008 -19"><span class='ocrx_word' id='word_1_234' title='bbox 412 3608 483 3668; x_wconf 81' lang='grc'><strong>131.</strong></span> <span class='ocrx_word' id='word_1_235' title='bbox 512 3604 653 3665; x_wconf 79' lang='lat' dir='ltr'>Sanctius</span> <span class='ocrx_word' id='word_1_236' title='bbox 675 3606 794 3666; x_wconf 83' lang='lat' dir='ltr'>scilieet</span> <span class='ocrx_word' id='word_1_237' title='bbox 815 3615 862 3666; x_wconf 87' lang='lat' dir='ltr'>est</span> <span class='ocrx_word' id='word_1_238' title='bbox 890 3607 940 3666; x_wconf 85' lang='lat' dir='ltr'>vel</span> <span class='ocrx_word' id='word_1_239' title='bbox 971 3607 1112 3687; x_wconf 86' lang='lat' dir='ltr'>trigamia</span> <span class='ocrx_word' id='word_1_240' title='bbox 1146 3603 1194 3663; x_wconf 90' lang='lat' dir='ltr'>vel</span> <span class='ocrx_word' id='word_1_241' title='bbox 1218 3604 1312 3662; x_wconf 89' lang='lat' dir='ltr'>hexo-</span> 
     </span>
     <span class='ocr_line' id='line_1_38' title="bbox 391 3688 1312 3770; baseline -0.002 -23"><span class='ocrx_word' id='word_1_242' title='bbox 391 3689 494 3769; x_wconf 86' lang='lat' dir='ltr'>gamia</span> <span class='ocrx_word' id='word_1_243' title='bbox 521 3690 641 3756; x_wconf 69' lang='lat' dir='ltr'>vivere,</span> <span class='ocrx_word' id='word_1_244' title='bbox 674 3708 765 3767; x_wconf 90' lang='lat' dir='ltr'>quam</span> <span class='ocrx_word' id='word_1_245' title='bbox 792 3691 822 3748; x_wconf 93' lang='lat' dir='ltr'>in</span> <span class='ocrx_word' id='word_1_246' title='bbox 855 3688 981 3770; x_wconf 76' lang='lat' dir='ltr'>publico</span> <span class='ocrx_word' id='word_1_247' title='bbox 1011 3693 1070 3750; x_wconf 88' lang='lat' dir='ltr'>isto</span> <span class='ocrx_word' id='word_1_248' title='bbox 1102 3696 1133 3748; x_wconf 89' lang='lat' dir='ltr'>et</span> <span class='ocrx_word' id='word_1_249' title='bbox 1159 3688 1312 3767; x_wconf 84' lang='lat' dir='ltr'>impunito</span> 
     </span>
     <span class='ocr_line' id='line_1_39' title="bbox 392 3770 941 3853; baseline 0.005 -23"><span class='ocrx_word' id='word_1_250' title='bbox 392 3772 527 3831; x_wconf 87' lang='lat' dir='ltr'>omnium</span> <span class='ocrx_word' id='word_1_251' title='bbox 552 3770 708 3833; x_wconf 91' lang='lat' dir='ltr'>libidinum</span> <span class='ocrx_word' id='word_1_252' title='bbox 731 3773 809 3833; x_wconf 87' lang='lat' dir='ltr'>oaho</span> <span class='ocrx_word' id='word_1_253' title='bbox 833 3774 941 3853; x_wconf 88' lang='lat' dir='ltr'>perire.</span> 
     </span>
    </p>
   </div>
   <div class='ocr_carea' id='block_1_7' title="bbox 467 4020 1097 4094">
    <p class='ocr_par' dir='ltr' id='par_1_19' title="bbox 467 4020 1097 4094">
     <span class='ocr_line' id='line_1_40' title="bbox 467 4020 1097 4094; baseline 0 -11"><span class='ocrx_word' id='word_1_254' title='bbox 467 4030 499 4094; x_wconf 88' lang='lat'>1)</span> <span class='ocrx_word' id='word_1_255' title='bbox 519 4029 550 4082; x_wconf 91' lang='lat' dir='ltr'>In</span> <span class='ocrx_word' id='word_1_256' title='bbox 569 4030 611 4085; x_wconf 89' lang='lat' dir='ltr'>ed.</span> <span class='ocrx_word' id='word_1_257' title='bbox 630 4030 701 4087; x_wconf 88' lang='grc'><strong>1558</strong></span> <span class='ocrx_word' id='word_1_258' title='bbox 721 4039 748 4083; x_wconf 88' lang='lat' dir='ltr'>et</span> <span class='ocrx_word' id='word_1_259' title='bbox 767 4030 810 4083; x_wconf 89' lang='lat' dir='ltr'>ed.</span> <span class='ocrx_word' id='word_1_260' title='bbox 829 4030 904 4084; x_wconf 71' lang='lat' dir='ltr'>dem:</span> <span class='ocrx_word' id='word_1_261' title='bbox 924 4020 1097 4084; x_wconf 78' lang='lat' dir='ltr'>alterutrum.</span> 
     </span>
    </p>
   </div>
   <div class='ocr_carea' id='block_1_8' title="bbox 0 0 1608 4792">
    <p class='ocr_par' dir='ltr' id='par_1_20' title="bbox 0 0 1608 4792">
     <span class='ocr_line' id='line_1_41' title="bbox 0 0 1608 4792; baseline 0 0"><span class='ocrx_word' id='word_1_262' title='bbox 0 0 1608 4792; x_wconf 95' lang='lat' dir='ltr'> </span> 
     </span>
    </p>
   </div>
  </div>
 </body>
</html>
