3159 4792
336 490 400 562 378
645 494 804 566 Disputotin
825 494 858 551 D.
876 494 908 549 Ι.
928 493 956 550 h

335 682 398 745 tide
414 682 532 763 ubsque
545 682 785 767 operiburlogis,
820 692 852 747 ot
872 686 1057 747 muntium
1090 685 1155 744 eius
1190 702 1257 765 ger·

337 786 459 831 mensur
486 769 572 831 iuxta
603 767 690 831 Pouli
707 775 841 831 ruentem
863 788 983 833 summo
1006 767 1067 831 lide
1098 764 1258 849 reddit*).

611 984 732 1047 Prima
749 986 979 1067 disputatio.

731 1116 777 1177 De
799 1114 868 1179 ilde.

442 1247 633 1310 Arbitrnmur
654 1251 810 1314 hominem
833 1248 990 1313 iustificari
1011 1248 1072 1311 fide
1094 1256 1154 1311 eto.
1179 1236 1185 1247 ’

423 1358 449 1417 l.
470 1355 561 1417 hides
577 1356 629 1417 hio
648 1377 721 1419 vore
742 1365 774 1419 et
787 1357 904 1418 donum
926 1355 1002 1417 illud
1013 1356 1144 1447 Spiritus
1158 1354 1258 1415 asueti

336 1437 467 1518 intelligi
488 1438 590 1500 debet.

418 1524 448 1585 2.
471 1522 502 1582 si
525 1522 636 1586 Psulus
673 1523 713 1584 de
742 1522 804 1583 tide
836 1523 992 1603 sequisitn,
1021 1542 1075 1583 seu
1106 1520 1256 1581 historice

337 1604 423 1687 loqui
444 1605 635 1687 intelligitur,
656 1608 686 1668 iu
710 1626 823 1667 venum
845 1614 927 1668 totus
949 1606 1080 1667 loborat.

418 1690 447 1751 3.
466 1688 544 1749 Nem
567 1697 599 1749 et
619 1690 795 1772 sophistae,
825 1691 883 1751 etsi
910 1708 1010 1750 rerum
1032 1688 1159 1749 istsrhm
1182 1685 1259 1746 nihil

336 1771 521 1851 intelligunt,
533 1780 634 1833 temen
648 1774 782 1836 intentur
796 1771 887 1833 fldem
903 1774 992 1833 istem
1007 1792 1070 1835 non
1081 1769 1258 1831 iustificare.

417 1857 447 1916 4.
469 1855 534 1915 lmo
556 1855 685 1935 docent,
720 1876 822 1935 neque
848 1856 979 1917 infusum
1002 1856 1115 1936 Spiritu
1147 1861 1257 1914 saneto

336 1935 428 1997 fldem
450 1936 627 2017 iustificare,
644 1940 703 2000 nisi
724 1940 856 2001 formate
878 1942 917 2000 sit
939 1940 1099 2019 oronte„

419 2025 446 2085 5.
469 2020 537 2082 Hoo
565 2023 645 2083 enirn
682 2023 784 2104 pelam
812 2030 969 2098 esserunt,
1001 2021 1092 2082 fldem
1126 2020 1258 2079 intrusum

337 2122 432 2185 posse
457 2112 539 2165 sture
561 2124 630 2164 oum
653 2113 782 2185 peoonto
806 2106 927 2167 mortali
949 2113 980 2166 et
1003 2105 1150 2165 damnari.
1190 2118 1194 2126 “

419 2190 448 2251 6.
471 2186 613 2267 Sequitur
633 2189 723 2249 hino:
745 2189 778 2251 Si
800 2188 927 2249 Paulum
949 2188 988 2249 de
1007 2189 1067 2249 hoo
1088 2186 1151 2247 fide
1172 2183 1260 2245 intel-

337 2270 433 2413 liigss,
467 2271 566 2351 ipsum
588 2270 627 2332 de
657 2273 758 2333 otioso
777 2277 845 2333 'aut
865 2271 1006 2334 fabuloso
1030 2270 1151 2331 Christo
1175 2288 1262 2349 prue-

358 2373 450 2417 roure.

418 2459 448 2517 7.
468 2454 547 2515 Nam
571 2455 707 2517 Christus
730 2438 825 2517 nihilo
855 2454 924 2537 plus
945 2455 1034 2517 adest
1056 2454 1106 2515 vel
1128 2451 1257 2533 prodest

338 2535 449 2679 talpibus
472 2537 678 2617 erodentibus,
701 2559 792 2620 quom
810 2541 885 2619 ipsis
900 2538 1101 2603 doemonibus
1124 2543 1156 2597 et
1177 2535 1262 2597 denr-

337 2640 377 2679 ns
402 2639 425 2679 s.

421 2720 449 2782 8.
475 2720 550 2780 (ium
574 2740 646 2781 vero
671 2722 782 2783 Paulus
804 2722 924 2803 prolixe
947 2721 1051 2782 tribuit
1072 2718 1262 2783 iustifloetio-

340 2821 409 2862 nem
434 2801 523 2881 fidei,
559 2824 688 2865 neeesse
710 2812 757 2865 est
788 2807 889 2886 ipsum
919 2804 958 2865 de
979 2806 1045 2865 istis
1066 2803 1185 2864 lidebus
1211 2806 1264 2877 (ut

339 2884 383 2945 nio
405 2884 543 2965 dinam),
565 2888 729 2967 aequisita,
751 2888 860 2963 infusa,
881 2888 1017 2966 informi,
1038 2887 1187 2964 formato,
1210 2905 1263 2946 ex·

336 2969 458 3049 plioito,
479 2970 642 3050 implioitn,
665 2972 818 3054 generali,
842 2972 969 3052 speoinli
989 2970 1066 3031 nihil
1087 2970 1199 3031 disere.

422 3055 449 3117 9.
472 3052 552 3128 Quin
575 3060 606 3114 et
635 3055 836 3117 daemonibus
866 3062 896 3115 et
917 3056 1058 3135 pessimis
1086 3050 1264 3115 hominibus

343 3136 516 3196 oonoedunt
537 3137 617 3197 hono
638 3136 730 3199 iidem
752 3138 942 3217 acquisitam.

411 3241 456 3301 10.
480 3236 611 3317 Oportet
629 3238 720 3319 igitur
742 3237 781 3300 de
802 3239 863 3300 elie
885 3237 946 3299 fide
968 3236 1100 3317 quodem
1123 3254 1192 3299 eum
1220 3235 1262 3296 lo-

342 3320 414 3399 qui,
439 3336 518 3399 quse
540 3320 633 3381 insist
655 3321 807 3383 Christum
829 3323 860 3383 in
883 3321 972 3383 nobis
994 3319 1171 3397 ethonoenr,
1192 3338 1266 3381 oon-

340 3411 389 3463 trs
411 3407 556 3480 mortem,
580 3412 738 3483 peceatum
765 3413 797 3466 et
818 3406 927 3486 legem.

403 3507 450 3567 ll.
472 3503 513 3563 Ilt
533 3522 618 3583 quse·
638 3524 695 3565 nos
716 3522 779 3567 non
804 3506 888 3566 sinet
906 3505 1021 3567 similes
1045 3522 1115 3565 esse
1138 3501 1265 3564 doemo-

338 3586 427 3647 nibus
450 3596 481 3648 et
502 3585 676 3648 hominibus
690 3587 952 3650 descendentibus
974 3590 1004 3648 in
1024 3588 1186 3664 infernum,
1210 3586 1266 3646 sed

342 3740 766 3759 uun—w

409 3816 441 3875 *t
464 3817 541 3870 Hseo‘
562 3820 647 3871 verbu
672 3822 788 3887 repetite
809 3827 874 3873 sunt
893 3834 928 3873 sx
948 3816 1072 3871 eddon.
1097 3814 1167 3885 Opp.
1188 3814 1268 3866 huth.

341 3887 416 3950 inno,
436 3894 529 3941 textos
549 3897 641 3942 sutem
661 3894 721 3960 ipse
740 3891 864 3945 redditus
883 3896 926 3945 est
942 3889 1093 3943 seeundum
1113 3887 1266 3940 editionem

338 3957 476 4097 mgb,
505 3959 634 4015 tolletum
666 3978 729 4015 cum
761 3963 803 4020 sd.
825 3963 901 4023 lbbss.
921 3958 1042 4035 (Wuloh.
1062 3958 1134 4025 XIX,
1154 3974 1181 4027 p.
1205 3958 1266 4013 107.
