3159 4792
590 510 700 566 Tassat.
720 511 834 567 Consol.
853 510 887 564 D.
905 511 940 566 ll.
958 511 1070 565 tutasti

440 697 499 760 Ubi
534 698 584 759 hio
608 698 706 773 Deus,
738 699 789 777 qui
823 698 897 757 talia
926 696 1032 759 ridere
1064 697 1186 777 pontit?
1228 695 1281 757 nbi

357 781 511 857 Christus,
546 782 597 860 qui
630 780 711 842 haec
736 781 865 841 audieus
892 798 1020 862 prorsus
1053 779 1167 840 tacmt'l
1200 780 1284 839 Perit

248 899 250 902 ·
355 864 418 942 ille,
441 883 478 925 ac
500 865 525 924 ei
546 865 671 946 ignotus
693 864 865 941 essetDeo,
887 863 1062 925 hominibus
1084 872 1116 923 et
1137 862 1302 923 omnibus·

355 948 518 1025 creaturis,
553 947 626 1027 quid
657 964 715 1009 nos
737 950 877 1027 patimur,
899 948 1013 1026 inquo
1035 964 1097 1007 non
1121 945 1192 1007 dico
1214 945 1280 1026 glo

355 1031 441 1108 riari,
472 1030 526 1090 aed
556 1032 648 1093 etiam
677 1050 740 1091 nou
770 1029 917 1091 conlundi
945 1036 1107 1111 oporteat,
1140 1030 1166 1089 si
1193 1028 1282 1088 huius

358 1113 447 1174 morti
469 1120 679 1194 comparatum
702 1114 814 1174 fuerit?
856 1115 920 1184 Aut
940 1112 991 1174 ubi
1013 1130 1071 1174 nos
1092 1112 1282 1194 parebimus,

358 1196 384 1257 ei
413 1195 487 1256 nihil
515 1198 579 1276 pati
607 1197 810 1277 voluerimus,
843 1195 967 1276 quando
997 1197 1074 1257 tanti
1101 1196 1156 1255 viri
1187 1196 1281 1255 etiam

358 1285 488 1339 mortem
512 1288 573 1340 tem
604 1280 781 1361 despectam
804 1280 907 1339 ferunt
926 1280 1084 1357 immeriti,
1112 1286 1145 1339 et
1168 1298 1282 1357 corpus

357 1381 463 1423 eurum
486 1362 616 1424 ludibrio
631 1363 763 1423 hostium
779 1362 906 1423 traditur
927 1369 999 1442 pust
1021 1369 1160 1423 mortem.
1188 1362 1283 1437 Ecce,

356 1446 470 1523 inquit,
506 1447 536 1506 in
559 1444 705 1523 Ieremia,
741 1445 850 1525 quibus
879 1465 942 1506 non
965 1456 1030 1507 erat
1053 1444 1213 1523 iudicium,
1250 1453 1283 1503 ut

356 1526 497 1589 biberent
524 1530 670 1599 calicem,
697 1528 837 1589 bibentes
864 1527 984 1607 bibent,
1014 1538 1047 1590 et
1068 1538 1099 1590 tu
1130 1530 1282 1588 innocens

357 1609 556 1755 pellpnqneria,
593 1632 654 1673 non
676 1612 856 1690 relinqueris
886 1614 1053 1691 innocens,
1090 1611 1144 1671 sed
1173 1611 1282 1672 bibens

377 1712 454 1755 res.
844 1707 868 1724 ⁴*
1104 1712 1107 1716 ’
1246 1727 1249 1729 v

438 1810 534 1873 Recte
557 1831 631 1894 ergo
644 1811 781 1873 [tremite
801 1810 865 1889 ille,
887 1812 937 1891 qui
962 1832 1030 1873 eum
1052 1811 1281 1893 singulisaunis

360 1900 569 1974 aegrotasset,
592 1915 654 1955 uno
679 1894 845 1973 aliquando
868 1915 950 1956 anno
973 1898 1093 1977 integro
1116 1912 1208 1955 sanus
1231 1912 1280 1953 ve-

356 1976 515 2038 hementer
537 1972 715 2039 tristabatur
728 1986 759 2037 et
770 1976 923 2060 plorabat,
945 1997 1088 2057 causans,
1101 1976 1183 2058 quod
1196 1977 1281 2037 Deus

356 2070 438 2119 esset
473 2060 538 2119 eius
567 2060 697 2138 oblitus,
732 2068 763 2120 et
788 2062 917 2141 gratiam
947 2082 1032 2123 anam
1067 2062 1095 2122 ei
1125 2070 1281 2141 negasset,

356 2140 435 2202 adeo
458 2143 577 2204 scilicet
609 2144 785 2204 necessaria
818 2155 849 2204 et
882 2145 1024 2207 salutaris
1046 2155 1094 2206 est
1116 2136 1281 2224 disciplina

355 2225 479 2286 Domini
502 2226 644 2289 omnibus
668 2226 857 2288 Christianis.

439 2342 585 2404 Videmus
618 2351 738 2423 autem,
777 2345 976 2425 quam'nihil
1004 2353 1069 2424 eat,
1106 2344 1189 2424 qnod
1222 2364 1280 2405 nos

354 2426 502 2505 patimur,
531 2429 556 2487 si
580 2427 760 2499 Sanctorum
784 2428 931 2509 ungulas,
963 2447 1117 2507 carceres,
1153 2428 1279 2505 serrum,

353 2510 474 2588 ignem,
503 2510 633 2587 bestias,
662 2519 693 2571 et
713 2509 844 2571 infinitio
865 2518 1017 2572 tormenta
1037 2509 1278 2587 consideremus,

353 2592 415 2651 imo
444 2592 469 2650 si
499 2601 530 2651 et
552 2595 761 2672 praesentium
782 2594 942 2654 nobiscum
977 2596 1008 2655 in
1037 2595 1095 2656 hac
1120 2595 1185 2655 rite
1210 2613 1278 2674 gra·

354 2674 495 2734 vissimaa
517 2675 631 2737 diaboli
654 2678 886 2755 persecutiones
914 2679 1094 2758 patientium
1128 2676 1277 2757 pondere·

293 2752 296 2764 '
354 2776 421 2815 mus
443 2760 638 2821 tentationes.
682 2758 790 2838 Neque
817 2762 899 2822 enim
929 2760 1057 2836 desunt,
1092 2761 1143 2840 qui
1177 2760 1277 2820 acuns

354 2847 385 2899 et
405 2841 528 2919 gravius
543 2844 706 2922 patiantur,
728 2862 819 2922 quarn
834 2863 903 2918 nos,
926 2851 987 2904 tam
1010 2846 1041 2904 in
1056 2844 1164 2923 spiritu
1185 2860 1277 2922 quam

353 2941 495 3003 corpore.

439 3039 551 3101 Dicunt
587 3041 637 3102 hie
669 3034 784 3123 aliqui:
824 3035 893 3105 Hoc
921 3062 1052 3123 queror,
1093 3043 1175 3123 quod
1207 3062 1278 3103 mea

355 3124 462 3201 passio
473 3122 655 3184 Sanctorum
671 3126 865 3203 passionibus
889 3147 950 3189 non
974 3124 1146 3207 comparari
1169 3126 1278 3205 possit,

354 3207 426 3283 quia
450 3214 597 3285 peccator
618 3227 695 3286 sum,
719 3229 776 3268 nec
798 3210 908 3291 dignus
930 3208 991 3269 illis
1014 3208 1197 3288 comparari.
1230 3208 1277 3268 llli

353 3306 410 3365 pro
434 3288 612 3348 innocentia
635 3310 708 3368 sua,
742 3311 801 3375 ego
832 3285 1045 3373 propeccatis
1067 3293 1143 3351 meis
1166 3293 1277 3371 patior,

352 3369 424 3430 ideo
447 3370 522 3430 nihil
546 3373 671 3450 mirum,
704 3374 775 3433 illos
814 3376 946 3435 iucunde
970 3377 1074 3441 omnia
1103 3374 1275 3455 pertulisse.

354 3452 422 3513 lloe
459 3451 582 3513 verbum
622 3474 752 3535 maguae
785 3457 933 3520 stultitiae
955 3468 1018 3535 est,
1056 3460 1081 3518 si
1116 3460 1196 3518 enim
1214 3466 1276 3536 'pro

310 3586 315 3593 .
354 3536 488 3619 peccatis
511 3538 642 3616 pateris,
664 3539 861 3617 gaudendum
885 3541 1018 3620 esttibi,
1040 3538 1124 3620 quod
1146 3559 1276 3621 purgan-

353 3629 401 3679 tur
431 3628 558 3763 pecpata
593 3627 653 3682 tua.
698 3623 748 3683 An
782 3644 844 3685 non
868 3635 900 3685 et
915 3624 1025 3696 ,sancti
1057 3624 1180 3685 fuerunt
1206 3642 1276 3703 peo-

352 3710 474 3765 catores

438 3819 497 3881 Sed
511 3822 642 3883 Herodis
665 3829 696 3883 et
716 3823 846 3885 latronis
869 3825 982 3885 sinistri
999 3825 1129 3886 similem
1154 3832 1185 3886 te
1207 3844 1277 3886 esse
1315 3898 1318 3901 ⁴

355 3900 524 3965 formidas?
563 3905 633 3967 Non
666 3926 715 3984 ea,
747 3908 772 3968 si
801 3908 923 3989 patiens
952 3908 1057 3973 luetis.
1108 3908 1274 3971 bubonem
