3159 4792
392 508 453 574 132
600 511 709 565 Terror.
729 508 896 565 donanto.
916 510 950 565 lt
969 512 1081 565 botheri

274 764 276 767 ,
392 698 431 759 ad
454 700 603 779 optimum
622 698 796 779 Principem
813 697 999 759 Friderioum
1014 697 1172 760 saxoniae
1192 696 1313 774 ducem,

393 802 462 841 cum
490 788 666 863 aegrotaret
692 783 844 861 graviter,
875 782 991 862 placuit
1011 787 1113 842 autem
1135 780 1253 860 multis,
1282 786 1316 840 ut

394 865 606 928 excuderetur.
651 863 712 926 Sed
740 884 809 925 cum
838 866 931 926 toties
958 864 1168 944 recuderetur,
1198 864 1241 923 ita
1264 863 1315 923 de

395 956 540 1027 pravatus
564 956 596 1007 et
617 947 772 1008 mutilatus
794 955 852 1027 est,
874 956 907 1007 ut
928 947 1054 1008 multum
1077 947 1241 1008 verborum
1264 945 1315 1007 de

396 1030 539 1111 sidetem,
564 1049 643 1110 quae
676 1050 735 1091 nec
766 1032 834 1111 ipse
864 1030 1003 1092 divinare
1035 1050 1178 1110 possum,
1211 1029 1316 1108 qualia

392 1113 514 1190 luerint,
537 1115 706 1173 sententias
725 1133 799 1174 vero
821 1121 977 1193 utcunque
997 1114 1126 1192 restitui,
1149 1112 1205 1173 sed
1227 1111 1316 1192 tales,

393 1196 498 1275 quales
520 1196 558 1257 ab
581 1198 668 1257 initio
691 1216 741 1257 me
762 1203 837 1277 puto
860 1196 1012 1257 habuisse.
1062 1196 1128 1257 Nee
1157 1214 1211 1256 eas
1234 1214 1317 1255 nunc

393 1286 510 1339 mutare
532 1285 586 1339 aut
608 1298 718 1341 ornare
741 1280 836 1358 volui,
858 1280 937 1340 siout
958 1299 1093 1360 possem.
1128 1278 1209 1339 Volo
1233 1280 1316 1339 enim

392 1362 452 1421 hoc
473 1362 551 1423 libro
574 1364 781 1424 testimonium
803 1362 968 1424 ostendere
996 1364 1056 1423 mei
1086 1362 1257 1442 profectus,
1288 1369 1319 1422 et

392 1444 556 1523 gratificari
578 1445 779 1525 antilogistis‚
803 1453 835 1506 ut
856 1444 1005 1524 habeant,
1037 1464 1098 1526 quo
1120 1464 1206 1505 suam
1231 1445 1318 1505 mali·

393 1528 465 1587 tiam
491 1526 665 1590 exerceant.
710 1529 782 1589 Mihi
805 1530 879 1589 satis
903 1535 964 1602 est,
987 1530 1012 1588 si
1036 1528 1156 1588 Christo
1179 1528 1316 1588 Domino

394 1630 463 1671 meo
486 1618 517 1671 et
538 1612 600 1671 suis
623 1613 737 1672 sanctis
759 1611 920 1691 placuero:
944 1611 1070 1674 diabolo
1090 1619 1122 1671 et
1142 1611 1206 1671 auis
1228 1629 1317 1689 squa-

393 1695 449 1753 mis
472 1695 602 1755 invisum
630 1714 678 1755 me
701 1715 769 1756 esse
804 1715 843 1755 ex
879 1697 982 1755 animo
1016 1694 1115 1756 laetor
1143 1702 1174 1753 et
1200 1695 1317 1774 gratias

392 1777 458 1837 Deo
482 1796 551 1838 meo
573 1795 643 1859 aga.

655 2009 883 2077 Illustrissimo
903 2011 1047 2095 Principi

393 2135 425 2187 et
445 2128 578 2188 Domino
601 2128 764 2207 Friderieo,
787 2128 944 2190 Saxoniae
968 2130 1054 2207 Duci,
1076 2129 1161 2191 Sacri
1181 2130 1317 2190 Romani

394 2211 516 2291 Imperii
549 2211 807 2272 Archimarscallo
853 2221 885 2273 et
926 2212 1082 2290 Electori,
1121 2210 1317 2293 Landgravio

393 2292 574 2375 Turingiae,
597 2295 934 2458 Marchionitifflslnge„
947 2291 1082 2356 Domino
1105 2314 1162 2355 suo
1184 2296 1319 2357 clemen·

477 2543 627 2604 Dominus
648 2554 753 2603 noster
767 2545 851 2604 lesus
873 2552 905 2605 et
925 2545 1064 2605 salvator
1077 2550 1183 2604 noster
1195 2543 1321 2624 reliquit

396 2625 582 2703 mandatum,
605 2625 687 2703 quod
710 2627 824 2705 pariter
843 2626 883 2686 ad
906 2646 1014 2687 omnes
1037 2626 1228 2688 Christianos
1251 2646 1322 2707 per-

395 2710 481 2783 tinet,
504 2716 537 2768 ut
559 2706 661 2769 officia
683 2709 891 2787 humanitatis,
913 2710 963 2771 vel
976 2712 1079 2789 potius
1099 2709 1320 2788 (utScriptura

394 2798 503 2866 vocat]
535 2791 762 2852 misericordiae
791 2812 887 2872 opera
917 2792 1040 2853 afflictis
1073 2799 1104 2853 et
1130 2792 1320 2854 calamitosis

394 2881 595 2953 praestemus,
617 2883 650 2934 ut
672 2874 780 2936 morbo
806 2895 972 2957 oppressos
985 2877 1152 2950 visitemus,
1175 2877 1318 2956 captivos

395 2956 524 3019 liberare
546 2957 732 3033 studeamus,
756 2966 787 3020 et
809 2958 869 3019 alin
881 2960 1033 3019 eiusmodi
1049 2960 1192 3039 proximo
1209 2967 1319 3019 nostro

394 3041 557 3119 iaciamus,
592 3042 701 3121 quibus
736 3043 912 3121 praesentia
944 3043 1027 3104 mela
1061 3041 1201 3103 nonnihil
1242 3042 1319 3105 rele-

396 3131 512 3185 ventur.

478 3209 580 3285 Atque
614 3208 702 3267 huius
737 3207 872 3269 mandati
907 3208 1057 3269 Dominus
1090 3215 1196 3269 noster
1211 3206 1320 3278 ⁶Iesus

395 3289 532 3350 Christus
556 3291 586 3349 in
609 3292 724 3369 seipso
746 3290 864 3351 illustre
880 3290 913 3366 ¹)
937 3290 1113 3371 exemplum
1135 3290 1226 3352 nobis
1248 3310 1319 3370 pro·

395 3374 507 3453 posuit,
530 3372 611 3451 quod
635 3380 760 3453 propter
785 3376 968 3435 immensum
996 3394 1070 3454 erga
1091 3393 1189 3452 genus
1210 3373 1318 3438 huma·

395 3476 466 3517 num
493 3474 627 3515 amorem
652 3475 692 3516 ex
713 3457 781 3517 sinu
805 3457 903 3517 Patria
925 3460 956 3517 in
978 3465 1100 3519 nostras
1122 3458 1263 3517 miserias
1287 3464 1320 3517 et

396 3558 549 3599 carcerem
572 3545 706 3598 nostrum
737 3538 850 3619 hic²),
884 3542 914 3601 in
941 3561 1064 3603 carnem
1093 3547 1124 3601 et
1158 3540 1318 3601 calamito-

438 3717 440 3721 Ι
468 3746 499 3807 1)
521 3744 549 3795 In
577 3744 619 3798 ed.
638 3743 715 3798 len:
745 3744 972 3797 illustrissimum.
1020 3745 1051 3810 2)
1075 3743 1159 3799 lbid.:
1185 3744 1239 3796 hoc
1267 3750 1318 3797 est.

468 3815 498 3879 ⁸)
517 3814 605 3869 Huius
626 3816 760 3884 epistolae
779 3823 872 3869 textus
892 3833 1011 3869 excusus
1036 3822 1080 3868 cst
1097 3815 1249 3869 secundum
1269 3816 1319 3868 Ln-

395 3887 560 4027 &cernelllpz
574 3886 770 4015 ngurisabro
790 3888 887 3953 editas,
906 3890 929 3954 1,
950 3905 976 3956 p.
988 3888 1041 3941 242
1060 3893 1200 3957 (german,
1220 3887 1264 3941 ed
1283 3888 1319 3940 de
1345 3961 1348 3972 Ι
