3159 4792
649 452 882 544 5555555.
1168 457 1231 547 app

345 641 425 703 fine:
448 642 606 705 Excusnm
628 643 872 726 Wittenbergae,
894 647 976 729 typis
997 647 1126 709 loannis
1151 644 1229 711 Luft.
1303 690 1304 693 =

346 726 441 787 Anno
464 727 503 790 11.
525 727 562 788 D.
584 726 750 788 XXXVIII.
775 729 801 787 V
823 726 892 789 idus
915 730 1113 811 Septembris.
1144 731 1230 795 Haec

351 807 450 893 editio
471 812 626 871 mutnet:
648 810 878 874 Praefationem
900 812 1041 883 Lutheri:
1064 814 1231 897 Disputati-

226 953 232 973 ,
345 911 424 952 5555
456 912 511 953 555
534 882 768 973 Propositiones
797 914 881 955 meas
901 903 969 957 eto.
1006 893 1230 959 Praefationem

323 1019 326 1025 ·
346 976 606 1053 Melanchthonis‚
629 976 862 1057 Disputationes
875 978 999 1047 Lutheri
1021 987 1052 1041 et
1070 986 1230 1060 praeterea

344 1059 612 1125 Pasitmnestusti
625 1059 736 1137 Jonas,
757 1058 881 1123 Nicolai
902 1061 1078 1141 Amadorlii,
1099 1063 1245 1135 Ioannis.

255 1201 261 1207 ,
346 1141 480 1221 Aspim,
503 1142 626 1206 Henrici
647 1143 894 1223 Zutphaniensis.
940 1143 991 1228 (ln
1014 1146 1073 1207 hac
1095 1146 1244 1216 editione.
1300 1154 1302 1162 '

343 1224 470 1285 Lutheri
490 1228 674 1306 gravissima
694 1226 748 1288 illa
770 1226 809 1287 de
822 1227 1089 1307 PropositionIbns
1111 1231 1175 1293 suis
1201 1238 1232 1295 et

345 1307 387 1369 de
409 1314 475 1369 tota
497 1328 554 1371 sua
574 1309 728 1371 sentiendi
749 1310 924 1390 agendique
945 1312 1064 1374 ratione
1080 1314 1233 1391 praefatio

336 1392 478 1471 ,prImum
501 1390 654 1471 prodiisse
675 1392 825 1466 videtur).
1210 1455 1213 1467 ,
1240 1451 1243 1461 ,

348 1473 512 1551 (Biblioth.
534 1474 713 1539 Schwabao.
737 1475 885 1537 Riederer
905 1474 925 1537 l.
949 1475 968 1537 l.
991 1476 1032 1535 IV
1054 1495 1084 1556 p.
1108 1479 1200 1551 293).

374 1557 606 1637 Propositiones
618 1558 815 1639 theologicae
827 1558 1078 1629 Reuerendorum
1090 1559 1234 1629 Virorum

345 1640 387 1701 D.
409 1640 497 1704 Mart.
518 1640 606 1703 Luth.
627 1640 669 1701 Et
689 1642 726 1701 D.
749 1641 882 1721 Philippi
896 1640 1041 1705 Melanth.
1066 1641 1234 1705 (15511555

344 1731 394 1783 155
423 1742 576 1785 summam
612 1723 771 1785 doctrinae
794 1723 1000 1801 Christianae,
1033 1725 1169 1805 scriptas
1201 1736 1235 1799 et

345 1806 522 1885 disputatae
537 1806 745 1887 Witcbergae,
766 1806 840 1867 inde
862 1826 958 1886 usque
980 1808 1018 1867 ab
1032 1826 1114 1869 anno
1139 1811 1229 1873 1516.
1275 1856 1280 1859 -

345 1890 392 1950 De
410 1909 472 1967 quo
495 1897 635 1971 tempore
656 1890 841 1954 uaticinatus
864 1899 911 1951 est
931 1890 1090 1958 lohannes
1113 1888 1239 1969 hilion„

344 1974 464 2031 inItinm
495 1973 561 2033 iore
596 1972 824 2034 reformationis
845 1972 1008 2035 Ecclesiae
1029 1992 1111 2036 anno
1141 1976 1233 2042 1516.

347 2054 424 2115 Gum
447 2055 638 2135 praefatione
660 2057 696 2119 D.
719 2056 829 2135 Philip.
852 2056 997 2119 Melanth.
1022 2056 1232 2139 Witehergae.

348 2140 440 2203 1558.
462 2139 492 2202 8.
515 2138 560 2198 ed.
584 2138 719 2204 lacobus
745 2138 927 2219 Dysenberg
947 2138 1113 2219 Helleusis.

560 2271 563 2275 ,
695 2261 697 2266 ,
731 2220 897 2295 (Riederer'
917 2222 938 2283 l.
962 2220 980 2283 l.
1004 2222 1045 2281 IV
1067 2242 1097 2301 p.
1119 2225 1188 2297 55.)

342 2314 349 2329 ‘
373 2304 608 2385 Propositiones
626 2301 825 2385 theologicae
840 2304 916 2366 Reu.
930 2304 993 2365 Vir.
1005 2304 1091 2367 Mart.
1103 2303 1191 2364 Luth.
1204 2310 1235 2364 et
1261 2316 1264 2321 ’

348 2386 425 2447 Phil.
448 2387 704 2465 Melanchthopia,
726 2389 921 2448 continentes
943 2406 1094 2447 summam
1116 2387 1233 2447 Doctri-

348 2489 424 2547 nae,
453 2471 586 2549 scriptae
614 2478 645 2530 et
667 2468 840 2552 disputatas
862 2466 1061 2551 Witebergae
1091 2468 1163 2529 inde
1184 2489 1234 2529 us.

242 2615 247 2625 ,
348 2572 409 2632 que
440 2552 479 2613 ab
511 2572 592 2613 anno
618 2556 697 2619 1516
720 2590 759 2599 -
784 2572 853 2613 cum
887 2554 980 2635 praef.
1011 2552 1049 2615 D.
1072 2552 1148 2614 Phil.
1171 2552 1232 2611 Me-

349 2634 556 2695 lanchthonis.
579 2634 779 2717 Witebergae
794 2634 886 2719 (cura
899 2636 1008 2699 Jacobi
1029 2633 1233 2717 Dyssnbergii

349 2717 522 2795 Hallensis)
549 2721 639 2785 1561.
661 2721 690 2783 8.
726 2716 989 2801 (Melanchlhonis
1012 2718 1236 2799 disputationes

349 2801 474 2863 suntin
497 2820 534 2860 55
548 2802 685 2863 editIone
708 2803 1016 2881 continuataeusque
1039 2800 1078 2861 ad
1101 2822 1128 2863 a.
1143 2798 1232 2865 1559.

350 2884 387 2946 cf.
401 2882 548 2944 RIederer
570 2885 589 2947 1.
611 2886 630 2946 1.
653 2886 695 2945 IV
718 2906 749 2966 p.
764 2888 814 2949 55.
837 2882 970 2947 Fabricii
983 2884 1091 2944 Centif.
1107 2882 1230 2945 Luther.

350 2967 535 3131 lliegidridi
556 3048 615 3109 hae
636 3044 870 3192 Propositiones
885 3048 1008 3109 Lutheri
1028 3044 1123 3107 latine
1145 3046 1236 3106 etiam

350 3134 382 3192 in
406 3132 528 3195 collect.
552 3132 699 3218 Opplmt
721 3178 729 3194 .
753 3132 965 3213 Wittemberg.
987 3130 998 3189 l
1021 3152 1050 3211 p.
1073 3132 1142 3194 371.
1187 3127 1237 3188 le-

352 3214 456 3289 nensi,
487 3235 518 3295 p.
542 3218 619 3293 521,
643 3216 866 3297 germanice
896 3217 927 3274 in
949 3213 1083 3275 Walohii
1106 3210 1235 3274 Collect.

352 3297 433 3377 Opp.
446 3297 533 3358 Luth.
556 3296 684 3359 diversis
706 3298 799 3360 locis:
823 3299 853 3357 15
866 3298 990 3377 reliquis
1003 3295 1238 3359 collectionibus

353 3399 417 3440 non
441 3398 550 3441 ornnes
573 3382 668 3442 151155
688 3381 858 3442 redduntur
879 3382 939 3441 hae
961 3381 1200 3461 propositiones.

395 3463 461 3523 Nos
500 3470 617 3523 textum
649 3464 757 3524 harum
793 3464 1043 3544 Propositionum
1076 3464 1141 3521 sive
1173 3460 1239 3520 Dis-

234 3593 245 3604 .
351 3548 546 3626 putationum
591 3547 800 3608 recudendum
850 3548 1023 3607 curavimus
1072 3542 1238 3605 secundum

354 3628 508 3689 editiones
530 3649 558 3689 a.
584 3634 673 3695 1530.
698 3632 778 3695 1538
800 3629 954 3709 5511558,
975 3628 1006 3689 id
1030 3626 1114 3707 quod
1136 3626 1238 3706 singu·

355 3712 393 3771 lis
416 3709 634 3791 adscripsimus
656 3714 802 3773 innotis:
826 3711 965 3773 ordinem
988 3730 1092 3771 aarum
1116 3710 1167 3787 qui
1191 3716 1239 3768 est

355 3796 387 3853 ln
417 3794 554 3855 editione
574 3796 700 3856 1555551
729 3796 921 3858 servavimus
948 3812 1049 3875 paene
1066 3793 1241 3873 ¹integrum.

350 3878 589 3957 Disputationes
610 3878 744 3953 Lutheri‚
766 3882 843 3958 quas
865 3878 1010 3939 11155515
1033 3897 1060 3939 a.
1086 3878 1164 3939 1519
1187 3874 1238 3934 ha-

358 3959 436 4040 huit,
455 3962 518 4024 iam
538 3962 570 4022 15
591 3961 798 4025 voluminibus
820 3960 1028 4042 superioribus
1045 3958 1242 4031 reddidimus.
