3159 4792
329 481 410 569 48'
469 530 499 548 υ
615 501 739 571 muron
756 502 789 566 u
808 501 842 556 n.
864 501 979 555 aarum
1081 551 1084 563 ,

331 693 364 753 iu
386 691 528 771 publico,
566 691 688 769 speeies
707 689 762 749 illa
783 694 838 765 tue
863 694 895 749 et
916 690 1072 751 simulatio
1094 688 1258 771 speciosis»

331 776 423 851 sima,
461 794 524 855 qua
556 774 688 834 amioum
709 772 849 851 Lutheri,
882 773 1018 833 veritatis
1050 773 1210 835 sincerum·
1225 779 1258 832 et

331 864 470 938 apertum
492 862 672 934 amatorem,
695 862 727 915 te
747 856 862 935 passim
885 854 1077 917 venditabas.

291 966 297 984 ⁸
413 962 457 1021 At
478 961 558 1021 bene
578 961 682 1036 habet,
704 960 895 1041 Expurgatio
918 966 987 1041 tua,
1016 960 1101 1022 velut
1122 960 1257 1021 medium

332 1045 494 1122 comicum,
516 1044 572 1103 has
596 1062 705 1104 omues
727 1043 831 1104 turbas
846 1040 973 1123 dispulit
994 1042 1174 1123 assederit,
1196 1062 1259 1125 qua

333 1128 492 1205 omnibus,
520 1127 618 1205 qualis
641 1128 733 1187 fueris
755 1136 787 1187 et
814 1128 871 1207 sis,
893 1126 996 1207 palam
1020 1126 1167 1191 ostendis.
1210 1124 1259 1186 ltu

332 1229 408 1271 saue
428 1209 579 1292 paucula,
607 1228 687 1290 quas
708 1228 765 1270 ceu
787 1211 977 1289 perizomata
999 1211 1157 1289 contexis,
1194 1210 1259 1288 qui·

331 1292 388 1355 bus
410 1291 593 1353 modestiam
625 1294 846 1372 caritatemque
876 1293 968 1353 etiam
992 1308 1059 1353 cum
1082 1294 1257 1354 iuramento

331 1376 386 1437 tibi
408 1375 540 1456 affingis,
561 1376 636 1437 talia
655 1382 734 1451 sunt,
756 1382 790 1435 ut
805 1376 1052 1436 criminationum
1076 1374 1258 1437 tumultibus

332 1465 364 1519 et
392 1458 624 1538 tempestatibus
658 1459 772 1519 collata
800 1459 954 1537 quendam
987 1458 1149 1520 ridiculum
1180 1466 1258 1519 stru·

332 1542 472 1603 thionem
493 1542 637 1602 referant.
665 1542 762 1601 Huius
785 1542 867 1603 enim
887 1542 1051 1603 animantis
1074 1562 1142 1603 eam
1157 1540 1261 1602 ferunt

207 1644 209 1648 ’
291 1695 293 1699 ,
333 1643 402 1685 csse
424 1624 600 1703 stultitiam,
629 1632 662 1685 ut
683 1644 717 1686 se
738 1632 836 1687 totam
858 1624 964 1685 credat
985 1632 1097 1687 tectam
1122 1642 1207 1702 esse,
1231 1624 1259 1683 si

332 1728 394 1769 una
421 1701 531 1768 honde
562 1708 676 1769 collum
704 1708 823 1769 texerit.
867 1708 912 1769 Ita
942 1714 974 1768 et
994 1713 1038 1768 tu·
1055 1715 1136 1770 totus
1160 1708 1259 1768 onmi-

332 1792 418 1852 natio
440 1796 472 1851 et
491 1792 704 1872 impatientia,
724 1811 786 1853 uno
811 1797 842 1853 et
864 1791 961 1852 altero
984 1791 1079 1852 verbo
1101 1798 1133 1852 te
1154 1796 1260 1851 rotun·

333 1873 392 1952 dae
407 1872 578 1935 modestiae
591 1881 622 1934 et
645 1874 780 1935 osnmtis
793 1874 952 1955 exemplar
964 1874 1129 1956 proponis,
1151 1891 1259 1933 verum

332 1957 411 2017 haec
432 1963 505 2017 eant
526 1974 587 2035 quo
610 1966 692 2019 eunt.

418 2061 467 2122 Ad
489 2061 532 2139 id,
556 2062 639 2141 quod
659 2063 755 2142 magis
779 2060 930 2139 detestor,
954 2064 1126 2142 veniemus,
1149 2062 1260 2139 idest,

334 2145 374 2206 ad
397 2144 625 2206 simulationem
647 2151 745 2223 tuam,
781 2163 821 2204 ne
848 2142 954 2207 videar
983 2152 1014 2206 te
1041 2148 1163 2227 penitus
1186 2164 1261 2205 con·

333 2228 510 2309 tempsisse,
547 2236 640 2309 atque
670 2227 772 2290 dilatis
802 2228 923 2306 ceteris,
953 2247 1032 2307 quae
1053 2230 1085 2292 in
1115 2227 1260 2309 Epistola

335 2332 406 2373 mea
427 2312 593 2390 dilaceras,
614 2309 672 2396 pro
695 2321 835 2390 tempore
857 2311 954 2373 solam
978 2331 1045 2372 eam
1069 2320 1187 2392 partem
1208 2328 1260 2371 ac·

335 2397 434 2475 cipio,
466 2396 498 2455 in
521 2414 581 2475 qua
603 2403 634 2455 et
656 2402 687 2455 tu
711 2395 845 2453 maxime
867 2412 900 2453 es
924 2396 1120 2475 negotiosus,
1155 2400 1185 2455 et
1212 2396 1260 2454 rei

333 2480 427 2540 totius
449 2498 552 2559 paene
573 2497 693 2538 summa
713 2475 844 2557 pendet,
875 2496 987 2557 nempe
1009 2478 1092 2560 quod
1118 2478 1259 2558 proposi-

333 2562 435 2623 tiones
464 2561 643 2639 Oarl'stadii,
673 2561 855 2641 praesertim
883 2559 959 2621 duas
990 2563 1127 2642 priores,
1158 2562 1259 2641 prima

282 2667 285 2670 ‘
334 2643 542 2724 disputatione
564 2651 725 2722 tractatas,
748 2643 812 2703 dixi
833 2663 852 2703 a
875 2650 905 2703 te
927 2662 1108 2723 concessas,
1132 2651 1164 2705 et
1184 2642 1259 2707 inde

334 2746 414 2807 quae
435 2734 605 2806 sequuntur
639 2726 679 2787 ad
706 2724 775 2787 illas
796 2726 894 2787 intuli.
938 2726 1060 2788 Interim
1084 2734 1117 2789 tu
1138 2727 1260 2796 fortiter

288 2875 293 2882 ,
333 2830 419 2891 para,
441 2812 550 2889 quibus
571 2809 718 2871 articulos
739 2810 885 2871 Iohannis
906 2808 987 2870 Huss
1009 2830 1029 2871 a
1051 2830 1099 2873 me
1121 2816 1259 2872 assertos

334 2899 366 2955 et
398 2894 560 2954 concilium
592 2893 744 2953 Nicenmn
776 2912 833 2975 pro
868 2912 917 2953 me
950 2894 1061 2955 fecisse
1095 2912 1258 2975 coarguas.

335 2976 396 3042 sed
428 2977 504 3037 heus
526 2984 759 3055 memoresto,
783 2995 845 3037 non
868 2977 899 3036 in
923 2976 1042 3039 theatro
1065 2976 1204 3059 Lipsensi
1226 2984 1258 3037 te

332 3061 409 3139 fore,
431 3068 463 3121 et
483 3060 522 3121 ad
544 3060 666 3121 laudem
682 3060 873 3141 liprensium
897 3060 946 3120 vel
968 3067 1050 3121 tuam
1072 3061 1147 3122 nihil
1169 3062 1257 3141 sequi
1337 3087 1342 3101 ι

333 3146 364 3205 iu
387 3144 470 3204 bona
491 3144 715 3223 consequentia
739 3150 770 3204 et
790 3149 879 3205 extra
900 3142 1049 3223 Lipsiam,
1080 3145 1158 3205 scito
1181 3162 1256 3222 quo-

295 3230 297 3234 '
334 3246 394 3307 que
422 3225 586 3287 Lutherum
619 3228 680 3287 iam
700 3235 776 3293 ,non
810 3225 965 3305 captivum
994 3234 1095 3309 tuum,
1132 3245 1191 3289 nec
1223 3226 1257 3287 in

333 3318 413 3371 terre
434 3309 642 3390 inimicorum,
664 3310 696 3369 iu
719 3328 775 3368 sua
796 3328 891 3369 arena
911 3311 1097 3391 consistere,
1119 3317 1150 3371 et
1172 3309 1257 3391 quod

333 3411 424 3474 spero
449 3399 480 3453 te
502 3392 621 3471 facere,
657 3398 728 3453 aute
758 3393 863 3453 omnia
884 3390 1037 3454 Christum
1059 3413 1153 3477 roga,
1193 3412 1256 3475 quo

332 3476 418 3537 solus
440 3477 517 3555 ipse,
539 3477 591 3555 qui
612 3476 726 3537 veritas
749 3480 806 3555 est,
828 3475 918 3537 nobis
933 3477 1119 3539 certantibus
1141 3478 1257 3556 vincat,

331 3560 525 3641 gloriamque
545 3566 682 3621 nostram
705 3558 829 3647 perdat,
851 3558 961 3621 Amen.

468 3765 472 3788 ,
527 3709 662 3771 Attende
683 3712 787 3790 itaque
810 3710 883 3793 quid
906 3730 1062 3791 quaeram.

416 3827 479 3889 Has
510 3830 740 3911 propositiones
762 3828 925 3890 Carlstadii
954 3828 1029 3890 duas
1069 3847 1173 3894 nonne
1202 3827 1257 3889 ob·

333 3912 403 3971 tulit
424 3910 655 3973 defendendas?
686 3911 828 3974 Liberum
851 3912 1007 3975 arbitrium
1029 3920 1101 3975 ante
1122 3913 1254 3993 gratiam

333 4013 397 4056 uon
416 3996 517 4075 valet,
543 3996 602 4057 nisi
629 3995 669 4057 ad
692 3994 907 4075 peccandums
943 3992 1073 4059 liberum
1096 3994 1254 4063 arbitrium
