3159 4792
373 501 437 568 224
646 506 792 560 Τιαιιιιιιια
813 507 921 562 lutheri

361 691 435 754 tudo
457 693 545 774 legis,
567 699 652 754 tante
671 694 787 754 iustitis
810 693 970 756 credentes
983 693 1123 774 replebit,
1145 699 1180 754 ut
1200 694 1286 754 nulla

361 776 477 837 aliare
504 777 544 836 ud
571 777 717 837 iustitiam
751 795 830 858 opus
852 777 994 838 habeant.
1038 776 1090 840 Sic
1117 785 1150 838 et
1171 777 1284 836 Paulus

361 859 470 923 Roma.
494 861 533 922 10
555 859 644 920 dicit:
676 859 780 920 Corde
808 862 888 920 enim
911 860 1044 921 creditur
1066 860 1105 921 sd
1127 861 1286 920 iustitiam.

444 942 573 1017 Quaeris
595 950 714 1021 autem,
742 962 803 1022 qua
823 945 943 1004 ratione
964 942 1033 1021 liet,
1062 951 1096 1004 ιιι
1116 943 1186 1004 sola
1206 941 1285 1002 fides

361 1025 513 1104 iustificet,
536 1032 570 1086 et
589 1028 655 1086 sine
667 1025 811 1107 operibus
824 1034 977 1088 tantorum
992 1027 1143 1088 bonorum
1165 1026 1286 1086 theseu-

361 1127 426 1168 rum
450 1108 612 1188 praebeat,
635 1128 703 1168 cum
726 1115 788 1169 tem
813 1110 908 1171 multa
890 1128 1045 1190 aopera,
1078 1111 1284 1190 ceremoniae,

361 1191 447 1271 leges
458 1191 659 1272 inscriptun's
670 1193 759 1252 nobis
770 1194 940 1289 praescript
940 1212 959 1252 α
928 1193 1054 1252 teint?
1078 1192 1284 1273 Respondeo:

362 1275 443 1334 Ante
465 1276 570 1335 omnia
604 1294 722 1336 memor
749 1283 817 1336 esto
847 1277 931 1354 eius,
969 1275 1051 1355 quod
1085 1276 1199 1336 dictum
1225 1283 1283 1355 est,

361 1357 459 1417 solam
490 1356 582 1418 fidem
618 1359 684 1417 sine
719 1359 863 1438 operibus
886 1357 1071 1436 iustificare,
1099 1358 1231 1420 liberere
1254 1322 1290 1418 ei

361 1439 491 1519 salvare,
512 1440 543 1501 id
566 1441 650 1519 quod
671 1441 782 1501 clarius
804 1441 882 1502 inira
902 1442 1058 1502 faciemus.

443 1523 492 1582 lnt
480 1525 567 1584 terim
590 1523 794 1604 signandum,
821 1525 995 1585 universam
1020 1525 1205 1605 scripturam
1227 1523 1286 1582 Dei

361 1607 391 1666 in
415 1605 477 1666 duo
514 1608 634 1686 partiri,
659 1615 825 1688 praecepta
853 1614 884 1667 et
911 1608 1071 1687 promissa.
1116 1607 1287 1686 Praecepta

354 1689 476 1752 docent
487 1690 609 1768 quidem
626 1690 719 1769 bona,
741 1691 871 1751 sednon
894 1691 996 1751 statim
1010 1689 1095 1765 fiunt,
1119 1709 1197 1770 quae
1212 1689 1283 1750 dcc

361 1779 394 1832 ta
415 1781 495 1835 sunt.
539 1772 714 1833 Ostendent
736 1775 831 1851 enim,
853 1773 925 1853 quid
942 1774 1113 1835 facerenos
1129 1778 1286 1852 oporteat,

361 1854 415 1914 sed
443 1857 584 1916 virtutem
613 1855 745 1915 faciendi
777 1875 841 1930 non
873 1853 998 1918 donant.
1041 1857 1074 1916 ln
1096 1856 1159 1917 hoo
1179 1863 1284 1916 sutem

361 1946 433 1999 sunt
420 1937 611 2014 tordinata,
633 1946 667 1998 ut
686 1924 844 1999 hominem
866 1939 952 2000 sibi
945 1941 1003 2019 rpsi
1024 1938 1207 2016 ostendant,
1230 1958 1287 2018 per

361 2039 441 2099 quse
463 2040 548 2081 suum
570 1984 782 2100 impotentiam
802 2021 841 2082 ad
865 2021 977 2082 bonum
991 2028 1171 2104 eognoscat,
1193 2028 1224 2081 et
1246 2021 1287 2080 de

360 2105 423 2163 suis
437 2105 550 2164 viribus
572 2103 724 2182 desperet
748 2103 818 2178 Qua
833 2124 926 2166 causa
946 2111 977 2166 et
998 2112 1049 2166 vet
1050 2125 1085 2166 us
1037 2105 1288 2166 tTeatnmen-

360 2193 424 2247 tum
446 2193 596 2247 vocantur
613 2195 644 2247 et
667 2195 746 2249 sunt.

442 2270 585 2351 Exempli
612 2290 721 2349 causa,
756 2290 819 2332 non
843 2273 1060 2352 concupisces,
1081 2275 1284 2350 praeceptum

362 2360 429 2434 est,
456 2372 517 2433 quo
541 2373 599 2415 nus
630 2373 738 2414 omnes
767 2374 836 2416 esse
857 2361 1038 2435 peccatores
1063 2355 1286 2431 convincimur,
1344 2361 1350 2366 “

362 2456 432 2497 cum
453 2455 544 2498 nemo
557 2439 656 2516 possit
679 2455 740 2497 non
755 2439 985 2518 concupiscere,
1009 2436 1155 2516 quidquid
1178 2444 1288 2497 contra

361 2521 489 2581 molitus
511 2520 610 2579 fuerit
656 2520 696 2580 Ut
724 2531 813 2615 ergo
831 2541 893 2582 non
925 2522 1126 2602 concupiscet
1113 2526 1178 2580 tet
1199 2539 1288 2598 prae-

361 2611 485 2683 ceptum
505 2603 643 2683 impleat,
664 2603 785 2683 cogitur
807 2604 846 2664 de
867 2623 942 2664 sese
965 2604 1139 2700 desperare,
1162 2608 1193 2663 st
1214 2602 1289 2662 alibi

362 2705 399 2746 ac
420 2705 476 2766 per
502 2685 596 2745 alium
631 2704 779 2764 quaerere
810 2688 973 2764 auxilium,
1008 2686 1120 2766 quod
1112 2705 1144 2746 ιιι
1167 2704 1201 2746 se
1224 2703 1288 2746 non

361 2770 497 2847 invenit,
532 2771 612 2828 sicut
641 2771 672 2829 in
700 2769 852 2848 Hosea*)
882 2768 1015 2852 dicit¹):
1054 2769 1189 2830 Perditio
1224 2774 1288 2844 tue,

360 2852 471 2932 lsrsel,
494 2853 641 2912 tantum
633 2871 664 2912 ιιι
687 2872 738 2912 me
757 2855 905 2915 auxilinm
930 2861 1025 2915 tuum
1069 2850 1162 2927 Quod
1183 2857 1288 2910 autem

360 2935 422 2996 hoc
444 2898 505 2996 ubo
528 2942 697 3016 praecepto
731 2938 849 3016 agitur,
885 2936 966 2997 idem
1006 2935 1149 2998 omnibus
1177 2935 1289 3015 agitur.

362 3019 472 3097 Aeque
494 3020 574 3080 enim
597 3026 668 3079 sunt
689 3019 891 3100 impossibilia
912 3019 1001 3081 nobis
1025 3020 1138 3080 omnia.

443 3102 503 3163 Ubi
525 3121 599 3162 vero
620 3121 676 3182 per
704 3109 872 3182 praecepta
895 3102 1004 3163 doctus
1025 3102 1117 3162 fuerit
1137 3102 1291 3180 impoten-

361 3187 433 3246 tiam
456 3205 560 3264 suam,
593 3191 625 3245 et
645 3187 705 3245 iam
729 3187 839 3246 anxius
860 3185 923 3246 fact
911 3193 975 3264 tus,
1011 3203 1073 3264 quo
1101 3183 1203 3245 studio
1225 3184 1289 3264 legi

360 3269 550 3348 satisfaciat,
572 3287 639 3329 cum
664 3269 724 3349 legi
746 3268 889 3329 satisfieri
913 3287 991 3348 opor
992 3275 1073 3344 t,eat
1107 3273 1141 3330 ut
1162 3286 1202 3327 ue
1224 3269 1291 3327 iota

361 3351 484 3432 quidem
505 3358 559 3412 aut
579 3370 661 3431 apex
682 3359 875 3431 pra·t,eterea
897 3352 1037 3431 alioquin
1059 3351 1126 3411 sine
1147 3349 1212 3410 ulla
1233 3369 1290 3430 spe

360 3435 604 3498 damnabitur:
592 3442 654 3494 tum
671 3455 743 3495 vere
759 3435 935 3497 humiliatus
956 3442 988 3496 et
998 3436 1029 3495 in
975 3433 1171 3495 tnihilum
1185 3431 1291 3494 redac-

360 3526 409 3580 tus
433 3538 537 3581 eoram
562 3517 659 3579 oculis
682 3518 744 3578 suis
766 3538 830 3580 nou
853 3519 1001 3580 invenit
993 3537 1024 3577 ιιι
1049 3518 1192 3596 seipse,
1227 3534 1289 3594 quo

362 3604 541 3664 iustificetur
563 3609 595 3662 et
615 3601 719 3661 salvus
740 3600 804 3662 fiat

444 3688 502 3748 Hic
521 3688 619 3748 altera
635 3685 809 3830 Scripturas
832 3704 903 3766 pars
923 3683 1022 3760 adest,
1044 3681 1201 3762 promissa
1222 3679 1292 3758 Dei,

361 3789 441 3849 quae
471 3772 660 3833 annunciant
697 3768 828 3848 gloriam
852 3769 997 3864 Debet
966 3765 1148 3826 etdiount:
1185 3761 1217 3824 Si
1244 3763 1293 3822 vis

362 3854 463 3935 legem
485 3854 630 3938 implere,
660 3871 724 3911 non
747 3853 987 3933 concupiscere,
1010 3849 1090 3909 sicut
1077 3847 1162 3907 tlex
1185 3846 1298 3927 exigit,

432 3960 465 4022 1)
485 3959 516 4010 ln
538 3959 580 4011 ed.
601 3957 808 4025 15211egimr:
829 3951 1009 4008 sicntOsaee
1029 3949 1103 4004 dicit.

433 4031 465 4099 )
485 4031 567 4084 Hose.
587 4031 631 4086 13.
