3159 4792
329 506 374 573 ss
549 508 590 564 Aa
608 502 811 580 Aegocerotern
830 508 1014 565 nmmum

332 695 416 774 qnod
436 697 469 755 in
490 702 702 775 contemptum
730 702 761 757 et
786 695 1007 777 praeiudicium
1030 694 1166 755 veritatis
1190 714 1257 755 ces-

333 780 372 838 sit
395 780 508 839 nostris
532 780 661 856 meritis,
695 796 814 839 rursum
841 780 936 859 ipsius
958 777 1169 838 misericordia
1190 798 1256 837 ver·

332 868 414 922 tatur
434 862 465 921 in
480 861 684 941 perditionem
706 862 842 922 invidiae
864 868 895 922 et
916 861 1154 942 vanaegloriae,
1177 880 1258 940 quae

332 950 393 1005 tam
416 943 611 1024 impudenter
639 944 682 1005 ibi
703 946 841 1024 quaesita
866 948 927 1022 est,
954 950 988 1004 ut
1009 944 1080 1005 mibi
1105 945 1196 1005 timor
1218 945 1258 1003 sit

332 1046 465 1107 magnae
486 1026 614 1088 alicuius
634 1028 754 1089 futurae
774 1029 838 1089 irae
860 1027 926 1089 Dei.

413 1110 568 1191 Deinceps
582 1129 650 1171 cum
674 1111 721 1171 bis
739 1110 913 1191 disputabo,
935 1111 986 1190 qui
1002 1110 1161 1171 veritatem
1186 1109 1256 1189 plus

332 1211 424 1272 quam
443 1193 576 1335 gloriam
592 1200 706 1273 amant,
729 1201 782 1255 aut
803 1196 828 1254 si
850 1195 976 1254 omnino
1000 1191 1165 1257 mittendus
1187 1211 1255 1253 sum

332 1276 363 1335 in
392 1295 442 1337 me
465 1278 526 1335 ium
548 1276 708 1357 lnporum,
730 1276 816 1338 dabit
844 1276 995 1339 Dominus
1024 1276 1256 1357 benignitatem,

332 1366 365 1419 ut
388 1359 614 1440 simplicitatem
650 1360 814 1421 columbae
858 1366 889 1420 et
917 1358 1111 1440 prudentiam
1133 1378 1257 1439 serpen·

331 1447 394 1502 tum
417 1442 654 1520 conservem*),
675 1443 737 1504 boc
759 1448 822 1520 est,
855 1462 895 1503 ne
916 1441 1036 1503 laedam
1060 1460 1118 1502 nec
1139 1440 1256 1518 laedar,

333 1524 456 1605 sapiens
478 1524 626 1604 inbono,
649 1530 681 1586 et
700 1526 831 1606 simplex
852 1526 883 1585 in
906 1525 1000 1587 malo.
1044 1524 1173 1599 Qualem
1196 1524 1256 1585 nisi

331 1626 414 1668 nuno
436 1627 485 1669 me
502 1608 668 1669 voluissem
690 1616 859 1689 praestare,
881 1615 981 1689 putas,
1005 1609 1126 1687 quantis
1148 1614 1179 1667 te
1201 1626 1256 1688 po-

331 1691 458 1751 tuissem
482 1710 613 1753 onerare
634 1691 810 1753 nominibus
834 1697 866 1752 te
888 1690 1010 1773 dignis?

413 1774 474 1833 Vix
496 1774 624 1850 credas,
661 1781 738 1853 quot
764 1774 867 1852 sales,
903 1780 979 1853 quot
1004 1774 1142 1850 ironias,
1180 1781 1257 1853 quot

332 1862 503 1916 scommata
522 1857 554 1916 in
577 1864 608 1917 te
631 1857 704 1918 mihi
728 1876 814 1917 meus
832 1856 935 1917 Adam
955 1856 1150 1937 suggerebat,
1176 1875 1256 1935 quae

331 1958 434 1999 rursus
457 1938 595 1999 Christus
617 1958 704 2001 meus
726 1939 931 2020 opprimebat,
954 1940 1036 2019 quod
1059 1959 1122 2000 non
1146 1938 1256 2020 despe-

331 2028 414 2082 raret
428 2020 458 2097 ¹)
494 2026 525 2081 te
545 2023 712 2102 positurum
739 2022 886 2083 invidiam
908 2029 1013 2100 tuam,
1049 2029 1080 2083 et
1108 2022 1255 2103 deinceps

334 2102 378 2185 (si
401 2102 473 2183 quid
501 2109 615 2178 restat)
649 2126 761 2185 agnum
789 2106 892 2186 potius
920 2124 1011 2185 quam
1042 2106 1255 2185 capricornum

331 2188 531 2267 scripturum,
553 2187 603 2248 vel
625 2188 657 2247 id
680 2189 789 2249 saltem
810 2189 1004 2262 moliturum,
1027 2188 1058 2248 in
1081 2206 1142 2267 quo
1165 2189 1259 2249 liceat

330 2271 447 2350 ingenii
470 2277 502 2331 et
522 2269 702 2332 eruditionis
726 2272 884 2352 specimen
897 2270 1005 2350 videri,
1029 2278 1121 2351 atque
1144 2272 1170 2331 si
1191 2290 1255 2331 non

240 2379 266 2425 ,·
330 2354 395 2433 pio,
418 2360 523 2413 tamen
547 2352 687 2416 studioso
710 2355 820 2415 lectori
842 2353 1001 2435 prodesse.

414 2452 586 2529 Quamdiu,
622 2472 719 2534 rogo,
755 2454 830 2515 mihi
858 2460 978 2536 tempus
1014 2460 1045 2513 et
1066 2472 1162 2534 opera
1187 2474 1255 2534 per·

331 2534 433 2595 denda
463 2543 534 2596 sunt
574 2537 605 2595 in
636 2536 836 2616 indulgentiis
878 2545 909 2599 et
941 2542 1095 2619 potestate
1122 2536 1255 2599 Romani

325 2616 506 2699 pontilicis,
527 2618 619 2680 rebus
641 2618 680 2682 ad
702 2618 794 2679 fldem
815 2620 875 2680 Dei
905 2639 942 2681 ac
964 2620 1092 2680 salutem
1116 2625 1254 2681 nostram

329 2720 386 2781 per
408 2699 607 2780 disdiapason
630 2702 917 2782 impertinentibus?
956 2703 1074 2763 scilicet
1102 2702 1181 2764 adeo
1211 2704 1254 2763 in-

328 2782 411 2843 lelici
444 2784 549 2845 seculo
579 2785 720 2849 vivimus.
775 2784 912 2846 Perdidit
944 2785 1053 2847 eadem
1075 2784 1255 2847 infelicitate

327 2865 481 2927 Iohannes
503 2866 654 2928 Reucblin
687 2870 748 2929 iam
779 2868 892 2930 multos
914 2887 1013 2930 annos
1036 2874 1161 2950 propter
1183 2888 1252 2929 cau-

221 2963 222 2967 ’
328 2968 405 3026 sam,
427 2957 542 3029 quanto
567 2952 665 3031 magis
688 2952 812 3013 intueor
833 2970 933 3032 aeque
963 2953 1128 3013 autetiam
1151 2954 1250 3033 magis

329 3031 488 3112 frivolam,
522 3040 557 3094 ut
588 3034 661 3094 mihi
683 3036 715 3094 in
736 3054 808 3095 mea
830 3054 924 3095 causa
956 3036 996 3095 sit
1034 3034 1096 3095 boc
1118 3036 1254 3114 exempli

329 3132 443 3195 magno
472 3116 608 3194 horrori,
644 3124 730 3178 tanta
759 3118 856 3177 maria
877 3125 1089 3197 peccatorum,
1128 3124 1175 3178 tot
1202 3117 1254 3178 de·

202 3247 208 3257 ,
328 3198 510 3276 mactiones,
544 3202 592 3259 tot
613 3199 715 3260 studia
735 3200 971 3279 aemulationis,
1007 3207 1040 3261 ut
1061 3206 1199 3281 sumptus
1223 3208 1255 3262 et

328 3279 451 3340 labores
474 3282 633 3359 omittam,
670 3282 826 3362 proruisse
859 3300 898 3343 ex
931 3284 991 3343 ista
1013 3283 1091 3350 ‚lana
1118 3284 1253 3363 caprina,

329 3380 417 3440 qnae,
440 3363 505 3423 sive
527 3364 609 3423 victa
631 3365 696 3425 sive
710 3366 831 3444 victrix,
852 3384 978 3446 prorsus
1002 3366 1078 3426 nihil
1100 3366 1253 3429 ecclesiae

329 3450 360 3504 et
382 3444 475 3505 saluti
497 3446 665 3506 animarum
690 3448 960 3529 conferre'possit.

410 3543 509 3623 Itlcoe,
532 3546 698 3624 quantillus
720 3548 801 3628 ignis
825 3557 970 3629 quantam
993 3549 1103 3609 silvam
1126 3568 1252 3609 succen-

329 3625 387 3705 dit,
414 3628 458 3689 ait
478 3627 626 3708 Iacobus,
657 3639 874 3713 veruntamen,
897 3651 955 3693 vae
977 3632 1121 3711 inquietis
1145 3632 1248 3693 huius-

398 3933 430 3998 *t
449 3936 540 3993 Mattb.
561 3939 605 3994 10.

401 4006 432 4078 1)
453 4010 546 4066 lned.
565 4009 623 4065 len.
643 4014 671 4065 et
686 4011 775 4065 Witt:
797 4012 984 4082 desperarem.
