3159 4792
366 511 430 581 342
678 514 833 583 Disputirtio
855 508 889 568 D.
907 510 943 565 II.
961 510 989 565 L.

408 706 438 769 2.
461 702 564 765 Solius
581 701 693 763 dhrim
717 701 871 782 baptisma
884 662 1109 761 sacramentdm
1124 704 1182 779 est,
1202 720 1294 781 prop-

369 794 415 848 ter
436 786 580 863 verbum,
614 784 696 866 quod
718 787 749 845 in
770 786 827 846 ilio
857 786 887 845 et
908 800 971 845 non
993 786 1025 844 in
1047 784 1115 845 aliis
1138 788 1293 865 operatur.

410 872 438 935 3.
463 871 622 950 Baptisma
643 870 721 950 legis
743 868 900 947 membra,
922 873 1040 945 vestes,
1062 886 1138 928 vasa
1158 868 1294 944 lavabat,
1403 878 1404 881 ’

325 950 328 955 ’
369 952 521 1034 figurante
543 953 650 1031 spiritu
672 954 855 1013 exteriorem
895 970 1021 1032 operum
1045 951 1241 1011 sanctitatem
1264 956 1296 1011 et

369 1036 448 1115 tegis
470 1036 621 1096 velamen.

313 1182 320 1199 ,
411 1120 440 1180 4.
463 1118 787 1198 Baptismalohannis,
810 1118 947 1178 revelata
968 1117 1046 1178 facie
1068 1118 1162 1199 tegis,
1187 1134 1295 1179 omnes

370 1209 499 1282 peccato
520 1201 676 1281 immergit
697 1206 729 1261 et
751 1202 869 1281 gratiae
892 1200 1001 1262 avidos
1022 1201 1105 1263 facit.

412 1289 440 1349 5.
464 1285 622 1363 Baptisma
655 1283 766 1344 Christi
800 1290 931 1364 peccato
969 1304 1087 1345 mersos
1121 1290 1153 1345 et
1186 1284 1296 1346 avidos

369 1369 488 1447 gratiae
512 1366 615 1427 educit
636 1367 834 1443 iustificatos,
858 1373 889 1427 et
912 1386 1011 1429 novas
1034 1374 1191 1428 creaturas
1214 1368 1296 1429 facit.

412 1454 441 1515 6.
465 1450 505 1510 Ut
525 1450 678 1529 baptisma
697 1450 1009 1530 legispoenitentiam
1031 1466 1093 1511 non
1108 1451 1297 1531 praestabat,

370 1533 425 1594 sad
448 1535 545 1613 magis
566 1535 866 1613 praesumptionem,
899 1532 1005 1611 donee,
1020 1534 1050 1593 in
1073 1534 1230 1613 baptisma
1251 1534 1298 1595 Io·
1403 1610 1404 1617 ἵ

370 1616 480 1677 hannis
503 1616 672 1677 desinebat.

412 1702 442 1763 7.
466 1702 510 1759 Ita
531 1699 677 1761 Iohannis
699 1699 852 1779 baptisma
873 1700 1002 1780 gratiam
1025 1718 1087 1761 non
1110 1696 1300 1780 praestabat,

371 1782 426 1843 sed
450 1784 548 1864 magis
563 1782 822 1863 desperationem,
845 1782 947 1844 donec
963 1782 1001 1843 ad
1015 1782 1170 1915 baptisma
1185 1784 1298 1845 Christi

371 1865 575 1946 pertingebat

412 1950 441 2013 8.
464 1947 548 2008 Nihil
574 1954 727 2028 repugnat
748 1947 860 2008 Christi
891 1948 1067 2029 baptIsmati
1095 1950 1296 2030 pertinacius,
1394 1956 1399 1963 “

372 2048 464 2111 quam
482 2030 639 2111 baptisma
659 2030 753 2111 legis,
786 2038 818 2091 et
840 2031 915 2091 nihil
935 2032 1061 2113 pronius
1084 2031 1183 2113 cedit,
1207 2050 1299 2114 qnam

373 2115 526 2193 baptisma
545 2113 701 2175 Iohannis.

410 2200 442 2261 9.
464 2197 535 2260 Non
549 2203 666 2257 tantum
679 2204 808 2278 propter
820 2214 908 2257 usum
923 2196 1125 2278 baptisandi¹
1130 2204 1144 2273 )
1168 2198 1200 2257 in
1216 2197 1301 2258 Ohri-

314 2333 320 2339 .
372 2287 421 2342 sto
443 2280 575 2340 futurum
597 2280 750 2341 Iohannes
773 2279 957 2359 baptisabat.

394 2368 443 2430 10
465 2363 527 2425 Sed
549 2368 664 2424 uttam
689 2361 793 2424 officio
827 2363 972 2444 proprio,
1004 2380 1097 2445 quarn
1128 2364 1300 2424 ministerio

374 2446 542 2508 occidentis
576 2447 610 2506 lit
598 2453 682 2508 teras
705 2446 884 2508 humiliatos
912 2445 951 2506 ad
985 2440 1139 2507 Christum
1169 2456 1300 2527 praepa·

372 2536 463 2591 rarat.

394 2615 443 2674 11.
465 2610 594 2671 Videtur
616 2610 754 2673 Christus
784 2611 937 2691 baptisma
958 2611 1104 2673 Iohannis
1133 2630 1198 2673 non
1230 2622 1301 2671 eva-

372 2711 498 2770 cuasse,
537 2694 592 2755 sed
613 2694 719 2755 addito
755 2694 849 2755 verbo
886 2696 968 2755 vitae
996 2711 1052 2755 ssu
1080 2694 1298 2775 promissionis

376 2777 551 2857 perfecisse.

396 2862 444 2923 12.
467 2858 514 2920 Ob
537 2878 628 2940 quam
659 2878 784 2920 causam
814 2858 958 2941 baptisati
985 2858 1163 2921 alchannc
1197 2859 1301 2922 denuo
1403 2844 1404 2915 Ὗ

375 2941 549 3023 baptisandi
569 2943 691 3004 fuerunt
712 2943 896 3023 baptismate
919 2942 1086 3020 Christi*).

374 3099 443 3151 tatio
461 3098 541 3152 Doet
570 3097 649 3152 biart
671 3098 787 3162 Luther,
814 3098 870 3149 Deo
898 3097 1015 3162 tarenta,
1034 3096 1113 3151 Faria
1132 3100 1214 3149 sexta
1232 3099 1301 3151 futu.
1324 3090 1327 3101 ‘

374 3171 432 3223 Nos
452 3175 558 3223 textum
569 3170 651 3221 huius
668 3169 798 3223 adItionis
817 3167 998 3233 reddidimus,
1017 3168 1125 3221 collatis
1144 3168 1208 3221 edit
1230 3171 1301 3226 1558
1403 3226 1404 3233 ,

374 3247 402 3293 et
419 3240 484 3294 edii.
506 3242 582 3304 1538,
602 3243 649 3293 uhi
668 3241 857 3309 haecdisputa
858 3242 927 3295 tiot
916 3238 1108 3293 tantummodo
1126 3242 1302 3295 inscribitur.

374 3313 408 3365 n.
428 3311 461 3363 D
484 3312 539 3362 xx.
560 3312 715 3380 Disputatio
734 3314 767 3365 D.
778 3310 855 3365 Mar
837 3318 886 3365 rur
879 3312 936 3365 Lu
938 3312 1018 3365 herr
1032 3314 1080 3377 (cf.
1064 3311 1206 3365 f.WaIch
1225 3312 1301 3395 Opp.

374 3383 453 3436 Luth.
472 3383 507 3438 X.
526 3398 553 3451 p.
571 3384 632 3440 126.
651 3384 750 3449 2612).

427 3456 457 3517 1)
479 3454 509 3507 In
529 3455 591 3508 edd.
611 3456 682 3511 1538
701 3463 728 3509 et
750 3456 834 3512 1558:
853 3454 1027 3525 baptizandi,
1046 3415 1206 3523 baptizabat
1225 3461 1276 3509 etc

413 3524 488 3593 ·)Ιιι
509 3525 818 3596 edit.1>r0positi0num
838 3528 868 3581 L.
888 3528 958 3583 1530
976 3532 1040 3595 post
1058 3526 1299 3597 Disputationem.

374 3599 432 3651 Lex
459 3600 599 3667 baptisma
620 3602 710 3652 carnis
730 3605 779 3653 cto.
799 3599 868 3653 haee
886 3604 937 3666 est,
956 3614 1026 3667 qnae
1045 3600 1073 3651 in
1092 3598 1154 3651 aliis
1174 3598 1301 3652 editioni·

378 3671 429 3723 bus
448 3686 503 3723 non
522 3671 671 3737 invenitur,
690 3688 742 3725 nec
759 3674 787 3723 in
808 3672 850 3725 ed.
871 3640 950 3735 1538,
968 3686 1020 3725 nee
1038 3672 1067 3723 iu
1086 3670 1129 3725 sd.
1150 3671 1229 3738 1558,
1249 3687 1300 3725 nec

374 3743 402 3792 in
421 3740 491 3809 Opp.
511 3742 591 3797 Luth.
611 3744 676 3797 edit.
694 3742 758 3797 Jen.
779 3742 827 3803 ιΙιι
849 3744 892 3797 ed.
912 3741 995 3811 1538,
1015 3758 1086 3811 quae
1103 3744 1185 3797 nobis
1206 3760 1243 3797 ax
1262 3744 1300 3797 bi·
1403 3762 1404 3767 ¹

375 3813 513 3867 bliotheca
535 3815 668 3867 ecelesiae
697 3815 922 3869 Schwabacensis
949 3820 1061 3882 praesto
1081 3820 1154 3880 erat,
1181 3820 1301 3867 tanturn·

375 3884 460 3936 modo
479 3888 623 3953 inscriptio
646 3889 796 3939 invenitur:
827 3886 984 3955 Disputatio
1013 3886 1155 3940 circularis
1175 3886 1211 3939 ad
1228 3889 1301 3939 futu-

376 3970 435 4005 ram
448 3964 555 4009 sextam
566 3957 683 4021 Feriam,
704 3963 731 4010 et
741 3959 850 4010 Initium
862 3959 1058 4026 disputationis
1073 3960 1102 4011 iu
1118 3959 1214 4013 infimo
1227 3970 1299 4011 mar-

376 4026 441 4093 gine
456 4028 635 4096 iuscriptum:
654 4028 775 4095 Iiissa,
794 4029 902 4099 reliqua
920 4029 1114 4099 omitmntur):
