3159 4792
355 463 421 531 208
641 465 818 529 *Xhmlabra
836 463 950 534 liuthari
997 517 999 524 ,
1058 523 1061 530 ,

355 652 875 732 npncommovereadmirationsm,
883 618 1169 725 Seokabdorfiuaia
1175 651 1279 730 Hieta,-

328 737 528 803 riaLuther.
539 737 592 799 lib.
604 737 657 817 IS.
668 739 719 816 67,
730 758 761 818 p.
778 738 818 803 98
831 737 870 799 de
883 756 921 800 ea
933 736 1012 798 haec
1025 735 1143 800 scribit:
1166 733 1278 814 „Tem

237 835 241 847 “
355 841 464 902 perere
484 822 558 892 mihi
579 840 643 893 non
666 840 802 901 possum,
825 822 898 901 quin
915 839 1035 918 omnes,
1055 807 1149 882 etiam
1164 817 1274 883 Luthe-

355 906 490 971 reniamo
511 893 666 984 infensos,
698 923 758 984 qua
787 921 915 984 possum
937 904 1031 968 animi
1067 895 1277 982 contentione,

355 1008 474 1070 rogem,
496 996 530 1058 ιιι
550 989 655 1069 legere
683 989 768 1049 illam
790 995 822 1050 et
842 988 982 1070 relegere
1010 987 1215 1070 sepositoque
1234 986 1277 1048 af-

355 1072 437 1134 lectu
460 1091 631 1153 agnoscere
651 1072 764 1149 velint,
798 1072 958 1151 quantus
950 1091 981 1131 ιιι
1004 1067 1111 1137 ultimo
1143 1069 1205 1132 hoc
1227 1088 1280 1132 co·

350 1162 432 1234 ,natu
460 1155 500 1215 nd
536 1154 723 1218 movendum
746 1154 904 1216 Pontificis
927 1155 1079 1232 animum,
1114 1159 1148 1213 ut
1178 1153 1279 1222 seriae

356 1238 567 1311 reformationi
595 1257 721 1319 operam
753 1237 857 1314 daret,
891 1239 930 1299 sit
959 1200 1088 1319 spiritud,
1103 1243 1279 1316 quantaque

232 1335 239 1342 ’
356 1321 484 1393 solertia
504 1321 651 1383 invidiam
674 1341 693 1382 a
714 1321 818 1384 Leone
841 1322 995 1382 moventis
1018 1327 1050 1382 et
1071 1319 1194 1400 culpam
1228 1337 1280 1380 ex·

293 1434 307 1451 ·
359 1411 521 1484 ιιιροιιιιιο
534 1423 662 1474 caussas
676 1406 708 1464 in
722 1405 904 1476 Caietanum
918 1410 949 1466 et
964 1404 1089 1482 [iccium
1111 1403 1279 1466 devolven-

358 1490 408 1567 tis,
429 1494 463 1550 ut
475 1489 622 1568 profecto
643 1489 731 1549 inter.
743 1507 812 1549 rara
833 1493 865 1549 et
878 1487 1084 1558 admiratione
1098 1485 1279 1568 dignissima

356 1573 470 1652 scripta
501 1571 607 1634 referri
626 1573 748 1647 ,merito
771 1569 905 1632 debeat.
948 1570 1057 1651 Neque
1079 1570 1151 1633 sinc
1178 1569 1281 1650 provi·

253 1658 257 1663 ‘
357 1655 461 1731 dentis
481 1654 585 1725 divina
602 1655 753 1717 accidisse
773 1653 878 1734 credo,
900 1661 934 1716 ut
956 1655 1063 1716 literae
1085 1661 1147 1716 tam
1163 1654 1281 1714 animo-

355 1758 410 1800 sae
431 1758 500 1800 cum
524 1739 671 1801 adiuncto
693 1739 771 1800 libro
793 1745 889 1819 opera
904 1739 1029 1816 Miltitii,
1048 1735 1170 1818 Papalis
1193 1736 1281 1796 mini-

356 1824 420 1901 stri,
433 1823 567 1898 Romam
580 1821 794 1903 perterrentur,
811 1823 1019 1891 testimonium
1033 1819 1281 1901 simplicissimae

357 1907 696 1985 ueritatisperpetuum
723 1905 873 1966 futurae.“
915 1904 1005 1966 Libro
1033 1911 1168 1983 autem,
1187 1921 1280 1982 quem

355 1988 398 2050 de
419 1988 561 2052 libertate
589 1988 755 2055 christiane
774 1986 924 2060 Lutherus
946 1988 1017 2048 huic
1046 1987 1199 2068 epistolae
1228 1985 1280 2050 ad·

355 2072 465 2151 iunxit,
481 2073 736 2153 praestantiorem
758 2071 876 2133 nullum
897 2091 1031 2168 unquam
1046 2071 1084 2138 ab
1103 2089 1141 2132 eo
1164 2069 1280 2148 editum

361 2174 431 2221 esse
455 2175 547 2217 nemo
570 2175 634 2222 non
653 2154 829 2236 profitetur:
851 2155 1030 2218 Lutherus'
1022 2173 1089 2236 rpse
1104 2173 1174 2215 eum
1195 2172 1279 2214 com·

358 2224 485 2337 pendio
507 2223 585 2314 dinit
611 2240 693 2300 vitae
722 2239 907 2302 christianae
941 2245 1123 2320 congestum
1158 2244 1190 2296 et
1212 2249 1280 2317 pro

358 2321 529 2404 specimine
550 2321 704 2405 exhihuit,
737 2321 846 2402 quibus
881 2321 989 2384 studiis
1022 2322 1089 2400 ipse
1122 2314 1231 2380 mallet
1250 2324 1281 2380 et

356 2412 547 2548 posset
497 2407 680 2470 fructuosius
714 2405 873 2486 occupari,
915 2407 940 2464 si
984 2423 1040 2485 per
1084 2402 1278 2465 adversarios

368 2491 473 2566 iceret.

405 2607 678 2667 Vetustissimos
696 2606 806 2666 horum
828 2605 1001 2666 libellorum
1025 2604 1187 2666 editiones
1197 2609 1281 2664 sunt:

439 2690 497 2750 E
489 2690 582 2750 istola
601 2689 786 2750 Lutheriana
809 2687 861 2748 nd
871 2688 1008 2750 Leonem
1023 2689 1182 2798 Decimum
1196 2687 1282 2748 Sum·

357 2790 440 2834 mum
461 2711 654 2834 ιοιιιιιιοοιιι.
778 2784 780 2787 ’

398 2855 599 2918 Tractatus
612 2856 652 2917 de
665 2855 810 2917 libertate
819 2854 994 2918 christiana
1017 2853 1281 2936 Vuittembergee.

344 2933 393 3004 'In
415 2939 493 3002 line:
517 2940 610 3002 Anno
632 2940 756 3001 Domini
780 2939 820 3002 Μ.
842 2939 879 2999 D.
901 2938 967 3000 XX.
988 2939 1038 3000 4.

813 3041 814 3046 ’
935 3022 1071 3097 (Pariter
1091 3019 1143 3098 IX,
1166 3020 1239 3096 77).

399 3100 582 3188 Epistola
623 3105 744 3166 llartini
778 3103 901 3166 Lutheri
935 3027 975 3168 ιιι
1006 3066 1143 3166 Leonem
1175 3105 1212 3164 X.
1252 3111 1284 3175 et

357 3192 450 3253 Tract
437 3197 518 3251 tatus
554 3188 593 3250 de
617 3187 759 3250 libertate
789 3188 963 3250 christiane.
1006 3182 1194 3268 Antverpiue
1228 3206 1285 3268 per

294 3326 297 3329 .
358 3274 501 3399 Michael.
523 3273 698 3334 liillenlum
720 3272 752 3332 Μ
773 3273 800 3332 D
825 3268 890 3350 XX,
911 3273 941 3334 4.

937 3353 1071 3432 (Pariter
1093 3353 1185 3433 vlt
1167 3349 1238 3437 7.))

439 3437 581 3519 Epistola
601 3437 786 3499 Lutheriana
809 3437 848 3498 ad
869 3435 1005 3498 Leonem
1024 3400 1185 3499 ιιοοιιιιιιιιι
1199 3452 1283 3496 sum-

379 3524 398 3557 *
440 3543 522 3584 mum
547 3518 734 3604 pontificem.
1061 3558 1064 3562 -

389 3639 402 3652 ··
438 3606 533 3668 Inber
542 3606 582 3667 de
594 3604 761 3666 christiana
772 3603 924 3682 libertate,
946 3601 1120 3666 continens
1131 3619 1284 3664 summanr

389 3732 392 3755 ÷
440 3690 599 3751 doctrinae
620 3689 843 3770 evangelicae,
852 3686 969 3766 quoad
985 3685 1178 3750 formandam
1198 3702 1283 3746 men-

439 3781 501 3834 tem
534 3774 566 3833 et
591 3772 634 3832 ad
658 3769 892 3854 intelligendam
918 3770 1092 3852 evangelii
1110 3769 1179 3830 vim
1206 3769 1284 3829 nihil

366 3896 371 3906 ·
438 3857 618 3935 absolutius,
639 3853 715 3917 nihil
737 3853 965 3916 conducibilius
981 3867 1083 3935 neque
1096 3851 1283 3915 crateribus

438 3958 540 4020 neque
559 3938 810 4003 crecentiorihus
832 3936 1048 4018 scriptoribus
1054 3935 1209 4018 proditum
1225 3943 1284 3997 est.

426 4023 493 4102 liu,
512 4023 687 4086 Christiane
700 4023 808 4103 lector,
823 4019 948 4103 relege
939 4029 1049 4083 uterum
1062 4027 1156 4102 atque
1162 4021 1279 4083 iterum
