3159 4792
505 522 539 578 de
558 529 676 596 auoque
688 526 788 597 ,specis
807 523 985 583 sacramenti.
1152 525 1215 592 405

356 712 406 775 26.
429 708 469 771 ut
496 730 555 791 pro
581 712 636 773 tali
663 712 754 795 leget.
784 730 864 791 quae
890 712 1081 793 praeiudicet
1108 712 1214 774 divino

291 793 350 853 iuri
375 799 407 853 et
427 792 540 870 verbo,
568 801 600 856 at
616 797 716 877 ipsum
738 796 891 859 Christum
912 795 1101 857 haereticum
1123 796 1216 858 facist

292 895 362 938 oum
386 896 443 937 aua
464 877 605 941 ecclesia.

357 961 407 1025 27.
430 959 471 1021 ut
500 960 603 1023 decuit
637 980 713 1023 sane
744 962 823 1023 tales
845 962 915 1026 talis
938 962 1090 1023 ecclesiae
1120 962 1214 1043 magi-

292 1048 374 1103 stros
408 1061 445 1102 ea
464 1046 582 1124 percuti
605 1046 754 1105 caecitate
787 1051 818 1105 et
846 1047 995 1125 amentia,
1028 1054 1064 1105 ut
1083 1044 1214 1122 Christo,

173 1148 176 1155 ·
293 1126 345 1205 qui
368 1126 417 1185 via
439 1133 470 1186 et
490 1128 605 1189 veritas
628 1134 686 1208 est,
710 1134 889 1213 contempto
913 1138 944 1189 et
966 1128 1121 1213 infaciem
1142 1128 1214 1189 hae·

293 1207 371 1268 resia
394 1208 601 1273 condemnato
623 1230 734 1291 vagam
757 1210 915 1271 hominum
938 1213 1114 1293 ignotorum
1140 1230 1211 1271 con-

292 1290 484 1353 suetudinem
508 1313 562 1354 seu
586 1296 765 1374 opinionem
785 1294 958 1356 adorarent.
1099 1310 1103 1317 ·

354 1375 404 1439 28.
427 1374 506 1438 Hinc
539 1377 592 1438 ille
622 1378 804 1439 Moabiticus
834 1375 991 1437 inauditae
1019 1378 1223 1458 arrogantiae*

291 1458 398 1536 fastus,
420 1458 492 1519 licet
509 1460 657 1538 Christus,
679 1461 745 1534 hoo,
761 1460 863 1521 tamen
886 1461 1120 1539 nonobstante,
1142 1458 1216 1521 licet

292 1540 425 1601 ecclesia
452 1544 621 1623 primitiva,
650 1544 712 1604 hoo
734 1551 837 1603 tamen
860 1562 922 1603 non
947 1543 1105 1622 obstante,
1141 1543 1214 1623 quid

292 1622 453 1685 caristus?
476 1625 547 1705 quid
570 1628 703 1687 ecclesia
719 1628 873 1707 primitiva
893 1626 932 1686 ad
950 1633 1053 1687 tantos
1071 1625 1213 1687 dominos

291 1724 402 1786 rerum,
424 1728 547 1788 porcos,
571 1710 737 1790 sophistas,
758 1718 788 1769 et
810 1711 915 1770 asinos
938 1708 1139 1770 canonistas?
1203 1729 1205 1732 ·

333 1792 383 1853 29.
407 1790 489 1866 Quid·
511 1800 605 1870 vetat,
627 1795 699 1872 quin
722 1792 834 1853 eodem
856 1793 1048 1872 pharisaicae
1069 1810 1214 1873 arrogan-

291 1872 353 1933 tu'ae
374 1872 455 1935 fastu
476 1882 627 1937 statuant:
650 1877 735 1937 Licet
753 1875 892 1937 Christus
914 1876 1079 1936 instituerit
1100 1874 1213 1955 baptis·

292 1975 392 2033 mum,
414 1964 445 2019 et
467 1959 599 2020 ecclesia
621 1966 737 2038 servet,
772 1959 834 2019 hoc
854 1967 957 2020 tamen
986 1978 1048 2019 non
1071 1958 1215 2020 obstante

292 2057 351 2099 nos
390 2039 506 2102 domini
539 2061 631 2123 super
653 2042 806 2103 Christum
840 2048 873 2103 et
904 2042 1003 2103 Deum
1037 2040 1214 2103 ordinamus
1323 2125 1328 2133 ‚

292 2124 489 2188 contrariom.

356 2206 405 2272 30.
423 2207 514 2285 Item,
544 2208 617 2268 licet
637 2207 777 2269 Christus
809 2208 974 2268 instituerit
1007 2207 1214 2286 evangelium,
1275 2213 1279 2230 ¹

293 2288 480 2351 eteoclesia
499 2288 531 2351 id
554 2291 726 2370 praedicet,
761 2296 864 2351 tamen
892 2290 953 2351 hoc
973 2308 1037 2350 uon
1070 2289 1215 2350 obstante

294 2390 353 2433 nos
376 2372 492 2435 domini
514 2373 709 2435 dominorum
731 2392 868 2435 canones
890 2380 1014 2433 nostros
1036 2379 1068 2433 et
1085 2378 1214 2433 eonsue-

294 2454 416 2517 tudines
437 2456 482 2517 ilii
502 2457 721 2538 praeferendos
744 2456 949 2517 decernimus.

356 2540 406 2603 31.
428 2537 521 2619 Item,
543 2539 616 2601 lieet
644 2540 781 2601 Christus
810 2540 934 2600 iusserit
961 2538 1082 2599 absolvi
1109 2538 1216 2617 poeni·

295 2627 406 2700 tentes,
429 2628 459 2683 ct
482 2622 514 2683 id
536 2624 670 2683 ecclesia
690 2629 846 2702 sequatur,
868 2623 930 2684 hoc
952 2630 1054 2683 tamen
1077 2633 1140 2681 non
1164 2620 1217 2681 ob-

298 2710 401 2765 stante
422 2724 480 2765 nos
503 2706 591 2766 aliter
612 2706 766 2769 volumus.

358 2790 408 2852 32.
433 2786 528 2867 Quid,
552 2788 698 2867 obsecro,
726 2789 787 2849 illis
817 2787 940 2847 obstare
967 2793 1085 2868 potest,
1107 2785 1217 2865 quibus

295 2889 355 2931 nec
377 2870 590 2933 ecclesianos
611 2872 748 2933 Christus
769 2874 837 2951 ipse
859 2868 984 2931 obstare
1005 2868 1134 2948 potest?
1202 2907 1206 2913 -

357 2954 407 3020 33.
430 2952 510 3029 Quin
533 2954 643 3016 eodem
667 2953 813 3035 exemplo
847 2971 955 3013 omnes
977 2950 1123 3011 articulos
1145 2948 1217 3010 fidei

295 3036 450 3117 tollamus,
472 3045 504 3099 et
517 3038 771 3099 consuetudinem
785 3036 981 3111 contrariam,
1003 3050 1083 3112 quae
1103 3039 1233 3113 potens

295 3125 328 3181 et
349 3138 462 3200 magna
484 3127 540 3196 est,
562 3120 779 3202 approbemus,
803 3138 842 3178 ne
856 3117 922 3179 Deo
946 3117 1069 3197 quidem
1092 3115 1218 3177 obstare

296 3208 436 3282 potente·
1029 3238 1039 3261 a

358 3286 408 3349 34.
430 3286 514 3347 Deus
535 3285 644 3367 perdat
666 3292 697 3347 et
718 3303 855 3347 canones
878 3289 909 3344 et
937 3284 1131 3360 canonistas,
1165 3280 1218 3360 qui

295 3374 407 3449 putant
427 3370 591 3439 ecclesiam
604 3369 661 3431 Dei
684 3366 915 3450 gubernandam
935 3366 996 3427 hoc
1018 3366 1117 3427 dicto:
1140 3364 1218 3429 Gon·

297 3451 430 3513 suetudo
452 3457 500 3513 est
521 3452 664 3513 habenda
682 3472 737 3532 pro
761 3453 841 3533 lege.
1126 3459 1138 3492 ⁴

359 3536 410 3599 35.
433 3535 591 3615 Gompmi,
614 3536 688 3612 tola,
710 3536 803 3613 tesca,
826 3534 912 3610 tenti,
935 3552 1016 3613 quae
1036 3532 1113 3604 soci,
1137 3530 1219 3605 bate,

434 3617 557 3697 Quivis,
581 3618 687 3696 exciu,
711 3638 777 3678 sum
801 3618 854 3696 cri,
878 3636 948 3676 men
971 3634 1035 3695 per,
1059 3612 1218 3692 temporis,

933 3751 939 3759 ,
1038 3714 1136 3758 usum

357 3784 410 3849 36.
432 3782 527 3864 Igitur
549 3782 605 3845 sibi
627 3784 702 3863 ipsis
720 3783 994 3858 testimonimum,
1015 3778 1219 3839 seseOhristo

298 3864 424 3927 obstare
456 3872 486 3927 et
507 3866 703 3927 antichristos
726 3885 813 3945 esse,
840 3866 912 3945 quia
941 3863 1115 3924 obstantem
1138 3859 1220 3925 chri-

297 3955 378 4010 stum
402 3948 477 4010 nihil
500 3956 616 4029 curant,
638 3951 764 4030 insuper
784 3955 815 4009 et
838 3946 1053 4023 condemnant.

337 4034 411 4099 37.-
433 4031 488 4097 His
516 4032 610 4095 larvis
643 4036 898 4095 dementaverunt
925 4028 1080 4109 principes
1115 4032 1148 4087 et
1167 4044 1220 4107 op·
