3159 4792
616 525 653 579 D:
668 460 704 581 u.
721 524 843 581 botheri.
880 547 884 556 ·
1152 515 1214 583 155

663 711 844 774 Secundum.

377 828 468 904 Quod
491 835 593 891 autem
616 830 700 891 Deus
725 818 781 912 (ed
804 828 934 910 gloriam
958 826 1075 887 seilioet
1096 826 1214 907 gratiae

293 916 323 971 et
346 913 580 975 misericordiae
603 916 695 991 suae]
711 915 833 974 veniam
846 909 1031 993 promiserit,
1054 928 1093 968 ex
1116 908 1215 989 Serip-

291 996 366 1055 turis
389 995 571 1057 firmandum
594 1003 650 1061 est.
767 1064 769 1071 ,

354 1078 487 1140 Primum
502 1078 581 1142 Psal.
600 1082 637 1145 31
652 1078 694 1155 ¹):
712 1079 794 1158 Dixi,
809 1076 981 1140 oonlitebor
994 1075 1157 1136 adversum
1166 1093 1216 1135 me
1286 1082 1290 1096 '

292 1162 472 1223 iniustitiam
496 1182 595 1224 meam
607 1164 754 1242 Domine,
777 1166 809 1222 et
829 1167 861 1221 tu
872 1160 1015 1220 remisisti
1027 1160 1214 1241 impietatem

292 1247 415 1327 peceati
435 1247 506 1307 mei.

375 1326 416 1387 Et
435 1328 510 1388 illud
533 1330 561 1393 2.
584 1328 660 1411 neg.
676 1329 708 1407 ²)
734 1330 789 1407 12,
812 1328 894 1389 unde
925 1327 976 1387 hio
996 1324 1135 1387 Psalmus
1166 1326 1216 1387 de-

291 1416 442 1490 sumptus*
461 1418 527 1487 est,
563 1432 652 1492 quam
682 1414 812 1494 primum
835 1410 935 1472 David
962 1409 1053 1470 dixit:
1085 1410 1242 1486 Peeeavi¹
1315 1475 1319 1504 J

291 1492 444 1571 Domin0,
481 1496 583 1556 stetim
617 1496 696 1557 dixit
726 1496 864 1557 Nathan:
909 1494 1059 1554 Dominus
1093 1511 1216 1572 quoque

291 1578 448 1637 transtulit
469 1586 629 1656 peecatum
652 1585 747 1655 tuum,
770 1598 833 1643 nou
857 1577 1004 1639 morieris.
1279 1581 1286 1597 '

379 1660 419 1719 m
441 1661 517 1724 lere.
541 1662 594 1725 18:
627 1662 658 1723 Si
673 1662 790 1742 ‘egerit
820 1680 897 1742 gens
919 1659 973 1718 illa
994 1657 1215 1737 poenitentiam

292 1761 310 1801 a
332 1743 428 1819 malo,
451 1763 540 1824 agam
555 1751 586 1805 et
603 1764 662 1826 ego
675 1745 899 1825 poenitentiam
913 1761 1005 1821 super
1019 1740 1111 1816 malo,
1134 1740 1217 1819 quod

293 1827 431 1907 cogitavi
461 1833 493 1887 ut
514 1828 657 1891 saeerem.
699 1827 776 1888 Item
802 1832 814 1889 1
841 1826 948 1887 lohan.
973 1828 1005 1886 l:
1039 1822 1070 1884 Si
1092 1822 1217 1884 eonfite-

293 1927 382 1969 amur
403 1917 533 1989 peecata
554 1914 676 1991 nostra,
709 1910 808 1971 tidelis
832 1918 879 1971 est
900 1915 931 1969 et
953 1908 1066 1982 iustus,
1099 1906 1150 1985 qui
1171 1926 1216 1967 re-

292 1993 397 2052 mittat
416 1992 506 2055 nobis
527 2001 670 2073 peeoata,
693 2000 725 2054 et
746 1993 893 2055 emundet
913 2011 970 2052 nos
993 1989 1031 2050 nb
1055 1990 1139 2051 omni
1160 1988 1216 2049 ini·
1280 1989 1283 1994 ’

292 2076 420 2153 quitate.

376 2156 419 2220 ut
439 2156 493 2221 illa
515 2158 653 2227 definitio
670 2178 744 2221 vera
765 2160 848 2234 iusti,
869 2154 1013 2218 Proverb.
1039 2155 1092 2234 133:
1116 2155 1214 2213 lustus

294 2242 378 2318 prior
401 2246 449 2301 est
470 2248 632 2305 aoousator
653 2244 716 2321 sui,
749 2242 820 2305 ideo
842 2242 958 2315 iustus,
983 2237 1054 2316 quia
1075 2254 1144 2298 sese
1167 2253 1215 2295 ao-

294 2331 398 2399 eusm,
431 2323 514 2385 uude
536 2332 567 2387 et
588 2327 736 2404 sequitur:
770 2323 864 2385 Venit
883 2323 1000 2383 amieus
1024 2320 1088 2379 eius
1114 2316 1217 2396 (Chri-

293 2405 375 2487 stus)
403 2413 435 2465 et
456 2408 653 2489 investigabit
675 2428 764 2487 eum,
787 2408 818 2468 id
840 2412 901 2483 est,
929 2409 1055 2485 quaeret
1078 2421 1164 2477 eum,
1186 2407 1220 2476 et

296 2508 358 2549 non
382 2490 464 2551 sinet
484 2492 601 2569 perire,
637 2492 728 2555 etiam
751 2491 790 2553 ab
814 2490 959 2551 extremis
980 2484 1090 2547 inferni
1111 2485 1219 2544 inven-

295 2577 359 2633 tum
382 2571 518 2635 redueet.

376 2654 458 2715 Hine
475 2654 585 2718 losuae
606 2661 632 2721 7.
657 2658 884 2719 eonfessionem
899 2654 1018 2734 peccati
1041 2659 1133 2713 voeat
1153 2651 1218 2731 glo·

294 2738 369 2797 riam
394 2736 471 2816 Dei,
496 2738 601 2800 dicens
624 2738 665 2801 ad
688 2740 812 2802 Athen:
852 2739 909 2799 Fili
932 2739 988 2814 mi,
1025 2735 1064 2796 da
1086 2734 1216 2815 gloriam

295 2820 376 2897 Deo,
399 2827 431 2880 et
453 2820 611 2894 confitere,
635 2829 727 2901 atque
748 2824 851 2886 indica
874 2820 946 2880 mihi
968 2818 1041 2899 quid
1062 2818 1181 2880 leceris.

376 2903 420 2962 Et
441 2904 478 2964 D.
500 2904 705 2985 Hieronymus
727 2905 766 2967 ad
788 2905 888 2965 idem:
911 2902 1074 2964 Confessio
1097 2900 1217 2978 peceati

295 2991 341 3045 est
363 2985 432 3045 leus
455 2987 520 3047 Del.
562 2987 629 3049 Nee
651 2990 769 3067 mirum⁷
800 2985 912 3066 quia³)
939 2986 989 3062 qui
1011 2991 1140 3061 peecata
1162 3001 1217 3040 sua

294 3066 473 3141 confitetur,
501 3071 659 3131 veritatem
688 3072 794 3150 utique
823 3068 912 3145 dioit,
940 3067 1023 3126 Deus
1045 3070 1147 3124 autem
1170 3069 1217 3122 est

294 3151 416 3211 veritas.
460 3151 532 3213 ldeo
556 3153 646 3213 simul
666 3153 764 3213 Deum
788 3150 957 3212 confitetur.

377 3233 430 3294 Sic
452 3242 483 3294 et
505 3236 533 3298 2.
556 3236 654 3297 Paral.
678 3237 730 3298 ult.
754 3236 898 3295 Manasse
918 3252 974 3293 rex
997 3229 1073 3291 luda
1094 3230 1125 3288 in
1150 3248 1216 3289 ora

297 3316 381 3376 tione
405 3334 461 3375 aua
482 3318 701 3397 pulcherrima,
736 3320 820 3380 omni
844 3314 1216 3393 confessuroapussima,

296 3398 383 3459 dioit:
407 3398 577 3477 Tuautern,
600 3401 741 3480 Domine,
765 3400 932 3463 seeundum
954 3398 1122 3459 bonitatem
1135 3403 1218 3455 tuam

296 3482 463 3559 promisisti
486 3485 708 3563 poenitentiam
731 3484 921 3545 remissionis
938 3488 1136 3562 peecatorum
1160 3485 1218 3537 ete.

376 3564 459 3625 Vere
498 3566 665 3627 seeundum
702 3567 872 3628 bonitatem
914 3573 998 3626 tuam
1041 3561 1218 3643 promisisti,

295 3648 365 3724 quia
391 3646 467 3708 nihil
496 3656 579 3710 esset
606 3650 759 3711 eontessio
795 3656 915 3728 nostra,
951 3647 1008 3707 nisi
1031 3650 1125 3705 staret
1145 3662 1218 3713 nro-

297 3730 401 3789 misaio
424 3731 492 3809 Dei,
517 3732 596 3795 adeo
620 3739 718 3793 totum
742 3739 788 3793 est
805 3732 956 3796 <bonitatis
979 3730 1111 3802 divinae,
1133 3725 1218 3805 quod

297 3864 711 3879 ww,

297 4006 338 4071 qu·
366 3932 449 4019 1)·ln
470 3936 605 3993 adden:
626 3936 669 3993 32.
691 3938 723 4006 2)
746 3936 828 3991 ibid:
850 3936 924 3992 sam.
961 3934 994 3999 3)
1014 3932 1045 3987 In
1066 3931 1109 3986 ed.
1120 3932 1220 4001 orig:

332 4020 342 4056 ι
367 4020 423 4075 qur.
710 4029 713 4042 ,
