3159 4792
533 467 569 521 tu
587 468 752 523 succuum
771 470 955 525 inhibitione.
1146 470 1208 537 151

283 651 404 729 verbis,
439 656 491 733 qui
521 655 551 714 in
581 655 644 716 suis
677 656 757 716 adeo
785 656 938 717 stertunt?
981 658 1047 718 lmo
1070 676 1124 718 cur
1150 660 1212 719 exi-

281 742 357 815 gunt
402 756 421 795 a
466 758 538 817 me,
581 738 663 817 quod
707 740 764 818 ipsi
810 738 913 800 dedita
944 760 1039 820 opera
1071 741 1212 821 fugiunt?

282 837 469 897 quamquam
500 820 594 881 verba
616 840 685 883 mee
707 828 768 883 tam
792 823 876 883 clare
896 832 981 899 sunt,
1018 830 1081 883 tum
1113 843 1212 885 sacra-

283 908 421 961 mentum
455 911 486 963 et
515 923 626 983 corpus
663 904 775 965 Christi
812 912 897 965 tanta
935 905 1108 967 differentia
1149 927 1212 967 om-

284 986 366 1043 nium
392 1004 485 1045 sensu
507 987 735 1061 discernuntur,
771 995 863 1048 utne
885 990 983 1068 possit
1017 988 1212 1067 quidemhic

283 1068 433 1146 suspicari
456 1069 648 1150 ambiguitas.
691 1070 864 1131 Schedulac
892 1079 994 1131 autem
1017 1071 1106 1132 huius
1128 1072 1212 1133 furor

285 1158 349 1209 tam
373 1152 564 1231 manifestus,
586 1159 648 1213 tum
672 1152 765 1215 verba
786 1162 848 1213 tam
862 1154 979 1215 lubrica
1001 1162 1032 1214 et
1054 1156 1209 1236 ambigua,

285 1240 317 1292 ut
340 1252 405 1293 non
429 1236 586 1314 permittat
607 1237 696 1296 ullius
719 1256 827 1297 sensus
850 1238 980 1317 intelligi
1003 1237 1095 1316 aliud,
1119 1258 1208 1317 quem

283 1323 454 1379 extremam
482 1318 628 1381 invidiam
656 1319 853 1399 nocendique
879 1320 1036 1384 libidinem
1069 1321 1216 1401 deplora»

283 1400 445 1461 tissimum.

367 1482 475 1557 Porro,
497 1485 521 1543 si
547 1490 613 1544 tam,
631 1486 726 1545 crassi
747 1485 849 1545 cordis
872 1492 958 1564 sunt,
982 1492 1014 1545 ut
1036 1503 1209 1545 sacramen-

283 1575 346 1627 tum
371 1565 541 1645 partialiter
572 1567 676 1627 datum
705 1588 725 1629 a
747 1587 877 1648 corpore
900 1567 1012 1627 Christi
1042 1568 1211 1647 partialiter

284 1649 357 1711 dato
383 1650 646 1728 nondiscernant,
669 1658 701 1711 ut
723 1652 795 1729 quid
816 1670 878 1711 non
898 1669 1011 1732 porcos
1033 1651 1136 1729 potius
1160 1670 1210 1729 pe-

283 1739 390 1805 scunt,
415 1752 506 1811 quam
528 1733 692 1794 schedulas
718 1752 774 1813 pro
799 1732 974 1794 erudiendis
995 1733 1118 1813 populis
1141 1734 1214 1791 scri·

284 1815 382 1875 bunt?
412 1834 480 1875 oum
503 1817 584 1877 enim
607 1816 755 1877 schedula
777 1818 903 1878 nomine
925 1817 1064 1896 episcopi
1086 1834 1217 1895 progra-1

284 1898 371 1958 diens
389 1897 417 1981 ¹)
443 1898 556 1959 debeat
584 1916 659 1979 prae
690 1919 724 1961 se
754 1900 835 1960 ferre
856 1899 1030 1960 absolutam
1053 1900 1211 1977 utriusque

284 1981 474 2044 Testamenti
508 1984 685 2057 scientiam,
717 1984 805 2043 iuxta
825 1981 954 2063 figuram
978 1981 1051 2060 pilei
1073 1981 1211 2043 bicornis

284 2066 520 2145 episcoporum,
558 2066 768 2145 turpissimum
794 2066 1068 2144 foedissimumque
1097 2066 1137 2125 sit
1158 2083 1212 2144 op·

285 2147 454 2226 probrium,
476 2149 526 2209 vel
549 2169 643 2209 unum
664 2150 796 2209 inveniri
817 2149 1014 2228 episcopum,
1037 2148 1088 2225 qui
1112 2166 1211 2207 sacra·

288 2237 426 2291 mentum
449 2232 566 2293 nesciat
589 2252 608 2292 a
629 2250 760 2312 corpore
776 2231 888 2292 Christi
911 2230 1108 2309 distinguere,
1131 2249 1213 2308 quae

284 2314 329 2373 sic
351 2312 506 2393 differunt,
528 2321 561 2375 ut
580 2334 640 2375 nec
661 2316 763 2375 oriens
786 2323 818 2375 et
828 2315 860 2390 ²)
886 2312 1032 2375 occidens
1060 2319 1145 2394 tauto
1167 2312 1212 2371 di·

284 2398 488 2477 stinguantur.

365 2479 481 2553 Habes,
504 2480 617 2556 lector,
650 2479 723 2559 quid
762 2480 884 2540 sithoc
913 2477 1018 2539 seculo
1049 2476 1211 2537 veritatem

284 2562 440 2643 profiteri,
464 2561 513 2623 vel
537 2581 605 2623 meo
628 2563 783 2642 exemplo.
827 2562 919 2623 Nunc
940 2560 1011 2640 quid
1025 2567 1131 2637 restat,
1152 2560 1212 2619 nisi

283 2655 318 2706 nt
336 2646 393 2706 viri
416 2646 447 2706 hi
475 2645 645 2706 doctissimi
667 2666 752 2707 more
773 2665 830 2706 suo
853 2646 900 2706 his
929 2644 1105 2723 responsuri
1140 2662 1211 2704 cau·

283 2748 349 2789 sum
374 2730 532 2806 omittant,
554 2729 737 2808 penitusque
760 2748 823 2790 uon
846 2736 993 2809 tangant,
1015 2727 1070 2787 sed
1093 2733 1211 2788 tantum

284 2810 454 2873 maledictis
478 2831 527 2871 me
550 2818 664 2891 petant,
688 2812 771 2891 quod
799 2819 958 2891 exspecto,
980 2810 1125 2871 docturus
1141 2809 1208 2868 Deo

283 2896 427 2966 volente,
450 2894 549 2974 qualia
571 2914 641 2955 esse
662 2894 775 2955 debeat
797 2894 954 2971 schedula,
977 2912 1056 2972 quae
1082 2893 1209 2950 [romine

283 2978 426 3057 episcopi
447 2977 592 3038 catholici
619 2978 650 3037 iu
672 2976 829 3058 publicum
851 2978 896 3037 irs
916 2976 1037 3037 debeat.
1080 2974 1215 3041 laterim,

283 3061 362 3139 vele,
384 3062 436 3140 pic
459 3061 565 3137 lector,
589 3067 620 3120 et
641 3079 717 3121 cave
739 3060 777 3121 ab
796 3059 981 3119 hominibus.

360 3268 388 3333 l)
411 3254 442 3317 Iri
462 3266 505 3321 ed.
524 3266 601 3321 dem:
623 3266 704 3319 edita.
741 3266 770 3333 2)
790 3263 877 3317 ibid:
898 3278 955 3314 nac.
1035 3304 1040 3314 ,
