3159 4792
488 533 539 589 per
557 518 686 590 Episcop.
706 518 825 590 Frising.
846 518 1009 589 publicatur.
1145 514 1208 585 3OE

285 702 386 762 nostri
409 701 515 782 Papae
544 702 585 764 ad
616 703 695 765 infra
716 707 830 785 scripta
850 706 1012 781 nuncium,
1045 705 1108 765 iam
1138 723 1204 766 sae-

280 786 351 865 pius
374 804 444 845 esse
465 787 644 866 requisitos,
678 797 829 866 quatenus
852 788 978 849 easdem
999 788 1102 848 literas
1117 788 1202 867 Apo·

265 867 410 949 ,st-olicae
438 888 493 929 seu
514 869 634 930 illarum
657 876 863 953 transsumpta
884 871 1008 952 publica
1030 890 1085 951 per
1107 870 1203 931 dictas

229 986 238 1013 t
281 952 439 1012 civitatem
462 960 494 1012 et
515 951 663 1013 diocesim
685 962 807 1015 nostras
830 954 978 1035 publicari
1001 972 1183 1014 curaremus.

366 1033 456 1095 Unde
468 1036 660 1114 requisitioni
674 1055 712 1097 ac
726 1038 878 1099 mandatis
889 1037 1080 1119 Apostolicis
1102 1036 1202 1097 huius-

280 1115 368 1177 modi
397 1136 436 1177 ex
459 1118 563 1181 debito
587 1118 782 1181 obedientiae
804 1122 1018 1202 obtemperare
1052 1121 1203 1199 volentes,

280 1200 372 1260 vobis
407 1202 548 1263 omnibus
587 1209 618 1262 et
649 1204 777 1284 singulis
814 1205 996 1285 supradictis
1028 1205 1059 1263 in
1092 1205 1203 1264 virtute

280 1288 410 1344 sanctae
432 1285 626 1370 obedientiae
663 1293 694 1347 et
723 1288 779 1348 sub
802 1289 912 1369 poenis
942 1289 973 1348 in
996 1286 1085 1347 dictis
1108 1287 1203 1347 literis

279 1366 475 1445 Apostolicis
496 1369 650 1431 contentis
683 1371 788 1432 stricte
821 1370 1044 1451 praecipiendo
1080 1368 1204 1431 manda-

280 1465 361 1527 mus,
385 1458 546 1530 quatenus,
566 1458 729 1532 postquam
752 1455 860 1534 vigore
882 1454 1090 1535 praesentium
1115 1451 1203 1512 lueri-

279 1533 318 1592 tis
342 1533 489 1613 requisiti,
512 1554 566 1595 seu
591 1534 815 1597 altervestrnm
834 1538 926 1598 luerit
946 1536 1119 1616 requisitus,
1142 1534 1203 1594 dio-

280 1622 327 1675 tas
350 1615 455 1677 literas
475 1617 674 1698 Apostolicas
705 1638 760 1680 seu
788 1640 892 1680 earum
922 1625 1129 1699 transsumpta
1149 1636 1203 1697 pu-

280 1696 362 1758 blica
384 1700 549 1781 omniaque
571 1707 602 1761 et
623 1702 744 1782 singula
764 1704 795 1763 in
820 1705 863 1764 eis
885 1710 1049 1781 contenta,
1079 1704 1108 1761 in
1132 1718 1203 1761 con·

279 1781 422 1841 cionibus
451 1784 649 1844 ecclesiarum
683 1793 714 1845 et
741 1788 996 1847 monasteriorum
1024 1792 1205 1860 vestrorum,

279 1882 317 1923 ac
339 1863 423 1943 alibi,
446 1866 509 1947 ubi,
532 1866 656 1945 quando
678 1875 710 1929 et
719 1871 862 1948 quotiens
875 1889 953 1949 opus
968 1868 1069 1945 fuerit,
1091 1866 1204 1929 Christi

279 1946 424 2009 fidelibus
446 1948 609 2030 diligenter
630 1952 847 2030 publicetis-et
862 1952 1026 2029 intimetis,
1048 1970 1086 2011 uc
1106 1950 1203 2030 publi-

279 2032 343 2091 cari
365 2037 398 2091 et
417 2032 549 2093 intimari
568 2035 750 2113 permittetis
773 2043 805 2097 et
825 2036 954 2113 faciatis,
977 2052 1085 2096 omnes
1100 2039 1132 2093 et
1144 2034 1204 2093 sin-

279 2113 372 2193 gulos
388 2113 499 2176 Christi
521 2114 629 2177 fideles
651 2117 844 2198 supradictos
855 2118 987 2180 fideliter
1001 2114 1205 2193 exhortando,

279 2203 312 2256 ut
334 2195 374 2256 ab
405 2198 559 2261 erroribus
591 2206 622 2261 et
643 2198 783 2264 doctrina
811 2202 939 2281 praeisti
961 2201 1062 2261 fratris
1085 2199 1205 2261 blartini

277 2278 394 2341 Luther
414 2282 446 2341 in
466 2280 554 2342 dictis
569 2282 664 2343 literis
676 2284 865 2363 Apostolicis
888 2283 1065 2365 designatis,
1087 2301 1205 2343 eorum-

278 2381 340 2442 que
363 2363 612 2444 praedicatione,
639 2366 863 2446 publicatione,
886 2367 1072 2442 assertione,
1100 2363 1203 2424 defen·

278 2448 387 2524 sione,
417 2447 593 2509 libellorum
619 2457 652 2510 et
672 2451 888 2531 scripturarum
917 2450 1054 2511 editione
1078 2448 1204 2509 omnino

280 2528 480 2610 abstineant3
505 2550 606 2610 neque
629 2531 767 2613 libellos,
788 2534 1053 2613 praedicationes,
1076 2532 1206 2610 scriptu-

278 2632 330 2673 ras
353 2615 421 2674 sive
443 2613 607 2677 schedulas
617 2635 778 2677 erroneam
795 2618 965 2681 doctrinam
989 2616 1061 2676 dicti
1083 2615 1206 2677 Martini

277 2695 394 2756 Lutber
415 2698 447 2756 in
468 2717 504 2758 se
526 2698 719 2761 continentes
742 2700 781 2762 de
804 2710 908 2763 cetero
930 2700 1072 2777 laudent,
1104 2698 1205 2778 impri-

279 2785 382 2856 mant,
416 2779 564 2859 vendant,
599 2782 771 2861 publicent,
805 2786 871 2845 sive
893 2782 1061 2844 defendant
1082 2780 1205 2863 publice

278 2861 330 2921 vel
351 2862 483 2941 occulte,
505 2865 696 2935 antecedam
716 2867 748 2927 in
764 2886 871 2927 eorum
893 2866 1036 2927 domibus
1057 2863 1205 2925 sivealiis

279 2944 359 3005 locis
382 2955 488 3007 tenere
510 2965 564 3007 seu
598 2948 772 3027 occultare,
806 2968 931 3028 quoquo
965 2947 1059 3009 modo
1082 2964 1208 3027 praesu·

278 3036 376 3106 mant,
398 3028 449 3089 vel
472 3029 581 3109 aliquis
604 3050 709 3094 eorum
726 3040 921 3112 praesumat3
943 3031 1101 3110 quinimo
1123 3027 1206 3102 illos,

277 3117 352 3190 post
373 3110 616 3189 publicationem
639 3117 856 3193 praesentium,
880 3114 1031 3176 Praelatio
1053 3117 1084 3172 et
1107 3112 1205 3175 Deca-

277 3195 326 3254 nis
350 3192 559 3274 capitulorum
588 3195 628 3256 ad
662 3198 905 3259 comburendum
936 3198 1003 3257 sine
1026 3197 1110 3257 omni
1132 3192 1205 3253 dita

277 3278 365 3338 done
377 3279 537 3359 assignare
553 3287 671 3359 curent,
693 3282 833 3361 aliasque
854 3289 886 3342 et
900 3281 960 3343 alia
978 3282 1102 3357 faciant,
1126 3295 1205 3357 qnae

276 3360 364 3439 ipsos
390 3368 421 3421 et
443 3363 611 3440 quemlibet
633 3382 739 3423 eorum
769 3367 849 3425 serie
871 3365 1025 3425 literarum
1043 3358 1206 3443 ,Apostoli-

278 3461 387 3504 carum
409 3444 586 3507 huiusmodi
606 3449 780 3526 respective
802 3455 1002 3524 concernunt,
1025 3452 1117 3527 prout
1140 3442 1206 3503 ulti·

277 3545 370 3586 onem
400 3526 535 3589 divinam
559 3547 596 3589 ac
616 3530 745 3609 praefati
768 3529 886 3594 domini
922 3531 1017 3594 nostri
1040 3530 1144 3608 Papae
1166 3526 1209 3584 in·

277 3607 502 3690 dignationem,
524 3631 583 3673 nec
603 3632 667 3673 non
690 3615 871 3692 sententias,
894 3632 1058 3689 censuras,
1081 3618 1113 3673 et
1134 3626 1206 3688 poe·

275 3713 333 3754 nas
362 3693 439 3754 alies
472 3696 503 3758 in
525 3696 600 3775 ipsis
623 3695 719 3756 literis
740 3696 933 3776 Apostolicis
962 3712 1126 3774 expresses
1156 3710 1207 3751 vo-

277 3775 391 3836 luerint
423 3778 548 3839 evitare.
592 3778 704 3839 Datum
742 3782 773 3841 in
803 3797 874 3841 arce
902 3786 1008 3839 nostra
1041 3777 1208 3855 Frisingen.

273 3858 334 3921 Die
356 3858 399 3926 X.
433 3863 546 3929 mensis
574 3860 713 3922 Jasuarii
735 3863 828 3925 Anno
852 3862 979 3929 Domini
1001 3860 1041 3922 M.
1064 3860 1103 3923 D.
1126 3856 1206 3920 XXI.

276 3943 340 4004 Sub
362 3945 461 4005 nostri
484 3943 602 4007 Secreti
625 3946 838 4025 impressione.

935 4106 1001 4175 20*
