3159 4792
428 556 464 610 sd
483 554 749 614 Condemnationem
767 554 957 614 castancam.
1123 548 1185 628 195

209 804 220 816 l
260 737 339 800 liam
363 741 444 801 sicut
463 741 496 801 ln
516 741 657 824 theologi·
678 745 783 805 omnia
806 743 904 805 solum
928 743 1046 821 dicunt,
1069 752 1100 807 et
1121 751 1184 808 cui-

260 824 311 883 nlc
323 821 483 904 damnant,
507 832 538 886 et
550 825 625 886 nihil
640 827 782 908 probant,
804 829 848 888 its
861 828 1026 898 verisimile
1042 835 1099 907 est,
1121 839 1183 891 nun

259 919 407 988 passum
421 919 490 969 esse
509 907 725 990 probationem
741 910 985 990 contradictoris,
1008 912 1058 993 qui
1081 914 1185 974 omnia

259 990 370 1051 cadem
398 1002 541 1053 mensura
573 993 671 1054 metiri
700 994 815 1059 volent.
858 993 976 1056 Sufficit
998 998 1095 1076 enim,
1133 995 1185 1058 hic

261 1074 510 1136 muliercularum
534 1092 621 1138 more
646 1079 899 1140 contradictionis
931 1085 1048 1140 tanturn
1075 1079 1180 1142 verbis

259 1156 466 1239 contendere,
488 1157 560 1238 Est,
577 1179 639 1221 non
662 1167 724 1239 est,
745 1161 805 1241 lta,
828 1178 891 1223 non
913 1159 1013 1246 ita¹),
1036 1161 1097 1242 aia,
1119 1175 1185 1225 non
1254 1176 1260 1182 ”

257 1241 318 1319 sic,
342 1241 413 1302 Vos
439 1243 562 1323 erratis,
593 1261 655 1305 non
678 1257 764 1324 erro,
800 1264 839 1306 ne
866 1251 980 1306 statuta
1008 1251 1039 1307 et
1065 1259 1183 1308 morcui

258 1324 478 1405 llagistrorurn
499 1328 760 1407 praevaricemur,
782 1335 884 1390 tamen
908 1328 947 1391 de
968 1329 1074 1391 favore
1098 1335 1129 1391 et
1149 1331 1182 1391 ll-

257 1408 362 1468 eentia
384 1408 584 1470 Dominornm
607 1411 821 1492 spectabilium
843 1413 1039 1473 Deounorunr
1060 1415 1091 1474 ct
1120 1413 1182 1474 lla

256 1492 423 1571 gistromn
445 1499 620 1554 nostrorum
649 1514 663 1554 s
687 1496 776 1556 eciali
798 1496 882 1576 prius
904 1497 1000 1588 petita
1022 1501 1053 1558 ct
1076 1495 1181 1558 obteri·
1235 1535 1244 1554 r

257 1582 298 1654 ta,
319 1573 456 1636 breuiter
475 1576 573 1656 probo
597 1515 684 1656 quod
703 1577 776 1638 dixi.

339 1657 405 1718 Flos
427 1677 486 1740 ego
507 1659 637 1728 arbitror
652 1659 868 1744 philosophiae
889 1659 1079 1723 detractores
1102 1676 1182 1744 esse,

256 1748 407 1803 nocentes
434 1749 499 1802 tum
535 1745 652 1826 pueris,
688 1750 753 1804 tum
781 1745 920 1825 senibus,
960 1751 992 1806 et
1019 1745 1181 1807 universae

257 1825 421 1901 ecclesiae,
459 1826 511 1906 qui
542 1826 604 1887 hoc
635 1827 870 1910 philosophiam
884 1829 1056 1913 appellant,
1097 1829 1182 1910 quod

170 1976 171 1989 χ
257 1908 458 1990 philosophia
482 1927 545 1969 non
573 1916 636 1989 cst,
667 1917 698 1971 et
726 1911 781 1972 nuh
810 1913 935 1973 nomine
963 1911 1181 1996 philosophiae

257 1993 391 2073 optimas
412 1991 654 2055 adolescentium
675 1996 793 2056 animas
810 1996 872 2056 suis
895 1997 1023 2057 somniis
1045 2001 1077 2056 et
1098 2007 1179 2058 etro·

255 2076 339 2137 ribus
379 2082 532 2156 occupant
561 2082 592 2137 et
619 2077 759 2158 perdunt.
809 2079 885 2140 tium
919 2086 1022 2141 autem
1057 2087 1182 2160 praeter

256 2159 457 2220 Aristotelem
479 2159 553 2220 nihil
573 2161 697 2222 tradant
717 2163 766 2237 (in
789 2181 851 2242 quo
873 2161 1025 2223 serenihil
1046 2169 1095 2224 est
1114 2155 1179 2246 phl-

257 2240 453 2326 hospitae),
475 2249 539 2305 uum
559 2244 660 2325 ipsum
683 2264 839 2326 nunquam
860 2245 1048 2328 intelligant,
1068 2248 1178 2308 assutis

255 2327 285 2388 ei
316 2327 381 2386 suis
402 2327 642 2389 divinationibus
672 2347 730 2408 pro
759 2330 840 2389 veris
867 2329 1181 2410 interpretationibus,

255 2416 413 2472 ettamen
433 2409 637 2492 philosophos
659 2431 728 2473 scae
749 2413 878 2488 iactent,
901 2412 973 2492 quid
995 2421 1127 2494 possunt
1146 2415 1179 2476 in

255 2490 483 2577 philosophiam
504 2494 637 2556 atrocius
660 2497 871 2558 committere?
894 2495 1032 2572 Quodsi
1054 2505 1181 2579 negent,

252 2576 424 2641 'obiicerem
445 2577 505 2654 eia,
532 2579 616 2641 utin
638 2580 845 2641 testimonium
868 2599 943 2643 suaa
963 2579 1179 2663 philosophiae

256 2660 451 2742 prooemium
471 2661 671 2743 Physicorum
688 2661 799 2742 (quod
821 2663 922 2726 adhuc
947 2663 1048 2730 nullus
1070 2684 1178 2729 eorum

254 2744 426 2819 intellexit)
449 2751 503 2804 ant
521 2745 743 2826 Posteriorum,
762 2754 817 2808 aut
836 2747 1068 2830 Metapbyaioae
1087 2749 1179 2814 nobis

254 2829 536 2910 interpretarentur,
558 2828 597 2890 ad
619 2849 799 2912 germanum
820 2829 997 2892 Aristotelis
1018 2851 1155 2898 sensum.

335 2909 398 2973 sed
419 2919 534 2991 metuo,
554 2932 594 2975 ne
616 2913 719 2976 denuo
731 2920 842 2976 coacta
853 2915 1011 2976 Facultate
1030 2913 1178 2984 damnant

253 2995 431 3074 botherum,
442 2996 549 3056 iterum
563 2995 653 3057 nudis
664 2997 894 3073 doctrinalibus,
918 2996 1100 3064 authenticis
1112 3018 1178 3061 uar-

254 3079 310 3158 bis,
333 3072 487 3140 dicentes:
508 3078 659 3142 humerus
672 3080 805 3142 detraxit
815 3079 968 3162 Magistris
982 3086 1106 3160 uostris,
1124 3101 1176 3142 ne-

254 3181 333 3242 gana
343 3179 400 3236 eos
421 3181 491 3224 osse
510 3162 715 3307 thilosophos
727 3173 758 3226 et
778 3165 941 3247 prooemia
952 3163 1096 3226 librorum
1109 3164 1176 3228 Ari-
1297 3223 1305 3254 ,

253 3245 374 3307 stotelia
398 3247 485 3307 scire.
541 3265 592 3306 am
630 3254 770 3327 oatquam
793 3249 873 3309 hanc
886 3253 982 3310 artem
1004 3248 1176 3332 apprehen-

253 3329 373 3409 derunt,
396 3336 512 3392 utnon
534 3329 592 3390 nisi
640 3345 800 3392 amnamus
824 3329 937 3412 dicant,
960 3352 1018 3394 neo
1039 3329 1100 3394 sint
1123 3333 1176 3398 ob·

252 3407 350 3474 stricti
378 3413 417 3474 ad
446 3413 633 3487 reddendam
660 3415 832 3494 rationem,
864 3433 925 3495 quc
948 3411 1085 3498 pluribus
1114 3427 1178 3500 eg'o'

253 3496 438 3578 probavero,
459 3514 497 3558 eo
519 3497 608 3580 plura
627 3495 688 3559 illia
710 3494 886 3560 damnanda
908 3499 1058 3561 obtulero.
1110 3499 1113 3508 '

335 3576 475 3641 Credatit
497 3586 597 3642 antem
620 3581 748 3661 fortiter,
770 3581 907 3680 Magistri
934 3584 1031 3644 nostri
1060 3575 1174 3664 eximii,

253 3660 386 3725 bothero
417 3676 487 3725 ease
518 3670 625 3726 notarii
663 3664 890 3747 philosophiam
926 3673 957 3727 et
985 3661 1175 3750 theologiam

252 3754 402 3826 renuam,
433 3750 548 3826 inqua
577 3766 638 3809 non
662 3746 799 3833 pessimo
828 3749 953 3832 ingenio
987 3761 1047 3811 nec'
1068 3748 1174 3810 ultima

325 4003 355 4076 i}
374 4007 405 4062 lu
431 4004 477 4062 ed'
496 4010 582 4080 σήμ
612 4004 669 4062 lust.
705 4002 776 4061 ilon.
802 4005 858 4060 nst.
874 3989 940 4062 hon
959 4007 1003 4062 itu.
1040 4001 1102 4061 lion
1125 4007 1173 4062 ita.

252 4064 309 4135 Sia¹
319 4081 384 4136 tlon
402 4081 452 4136 sic.

896 4147 983 4214 13*
