3159 4792
356 488 400 556 80
577 492 663 563 Epist.
682 497 789 562 septem
810 496 911 561 praest.
929 492 1055 544 virorum

358 686 447 741 tenus
470 678 524 741 tibi
544 679 668 761 ignotus
697 679 756 738 sim
778 670 969 759 corporeque
992 676 1121 755 absens,
1142 682 1178 739 tu
1201 674 1275 737 mihi

358 772 461 828 tomen
489 769 590 841 notus,
612 762 684 822 lieet
706 780 861 841 nunquam
891 763 985 825 visus.
1034 760 1175 841 Namque
1206 776 1274 819 cum

328 866 333 877 ¹
359 852 390 907 et
422 845 508 907 multi
540 854 571 906 et
599 846 675 905 varii
703 853 849 905 mactatus
883 845 926 905 tui
957 845 989 903 in
1017 856 1125 905 manus
1153 850 1276 904 nostras

359 931 492 1005 veniant,
514 948 554 989 ex
576 929 774 1008 quibussene
796 934 895 989 totum
918 936 957 1007 te,
980 930 1047 1007 quis
1062 928 1103 987 sis
1119 934 1150 988 et
1166 926 1278 1007 qualis,

359 1014 531 1093 evestigare
552 1030 725 1093 possumus.
771 1011 862 1073 Unde
882 1010 932 1093 fit,
955 1018 989 1071 ut
1017 1012 1069 1071 vel·
1093 1030 1185 1071 unum
1217 1010 1278 1070 hnc

360 1099 392 1157 in
415 1102 446 1155 te
469 1096 620 1171 miremur,
643 1094 727 1174 quod
747 1095 827 1155 inter
849 1100 895 1155 tot
916 1094 1115 1175 evangelicae
1141 1093 1277 1155 veritatis

359 1179 497 1240 aemulos
518 1178 689 1239 doctrinam
712 1177 825 1238 Christi
847 1186 878 1237 et
899 1178 1103 1258 apostolicam
1130 1176 1226 1237 libere
1248 1180 1280 1235 et

359 1260 482 1344 publice
501 1260 681 1341 praedicare
700 1278 894 1341 nequaquam
909 1260 1080 1337 addubites,
1098 1260 1210 1321 oblitus
1232 1258 1288 1317 in-·

361 1346 449 1406 terim
469 1352 516 1405 tot
537 1345 717 1421 calumnias,
732 1343 946 1423 maledieeque
960 1344 1161 1425 plurimorum
1173 1341 1279 1419 verba,

360 1426 480 1509 quibus,
502 1428 649 1507 quidquid
670 1446 733 1488 non
757 1428 869 1507 placet,
891 1428 975 1495 illico
1001 1426 1188 1488 hoereticum
1210 1442 1280 1485 esse

361 1518 494 1593 oportet,
515 1511 655 1571 homines
678 1520 780 1571 mente
803 1512 947 1591 corrupti,
969 1510 1061 1571 etad
1086 1528 1178 1571 omne
1202 1525 1279 1589 opus

361 1596 476 1657 bonum
498 1594 636 1675 reprobi,
669 1613 732 1654 non
755 1593 961 1674 intelligentes
993 1600 1044 1672 [ut
1075 1594 1176 1654 verbis
1205 1608 1278 1671 apo·

361 1679 433 1822 stpirli
456 1677 542 1760 utar)
565 1696 666 1757 neque
688 1695 767 1757 quae
789 1678 963 1757 loquuntur,
985 1694 1088 1758 neque
1109 1676 1148 1736 de
1171 1674 1279 1755 quibus

361 1782 380 1822 a
431 1767 524 1823 mant.
1197 1788 1204 1797 ·

445 1845 514 1904 Tibi
540 1842 673 1919 ideirco,
702 1843 743 1902 mi
774 1842 867 1904 frater
901 1843 1047 1922 Martine,
1082 1842 1281 1903 vehementer

362 1926 698 2007 tuaequeGhrislianae
719 1927 825 2006 pietati
845 1928 1052 2006 congratulor,
1074 1927 1127 2005 qui
1149 1942 1226 1985 uuus
1248 1924 1280 1982 in

362 2011 528 2071 Germania
549 2027 612 2069 uon
634 2016 698 2068 tam
721 2010 874 2087 iuventus,
897 2028 989 2089 quam
1002 2016 1140 2090 repertus
1163 2026 1207 2084 es,
1227 2007 1281 2085 qui

364 2103 395 2153 et
416 2093 530 2154 doceas
551 2090 717 2173 aliquando
739 2092 859 2153 sineere
882 2098 961 2171 quae
984 2091 1125 2153 docenda
1147 2096 1227 2168 sunt,
1250 2088 1281 2149 id

364 2184 421 2255 est,
443 2177 544 2257 legem
559 2174 670 2236 Christi
682 2175 915 2256 priscorumque
929 2176 1053 2237 Patrum
1067 2193 1173 2256 puram
1196 2173 1281 2232 illam

364 2268 396 2321 et
419 2276 614 2339 nequaquam
636 2258 776 2318 humanis
800 2257 1070 2320 adinventionibus
1093 2257 1281 2319 contamina·

364 2350 427 2404 tam
449 2342 649 2423 theologiam,
670 2342 730 2401 heu
752 2348 859 2403 nostra
879 2348 982 2403 aetate
1001 2360 1112 2423 magna
1134 2360 1174 2403 ex
1196 2345 1283 2420 parte

365 2431 589 2505 contemptam,
617 2434 648 2484 et
667 2424 837 2485 dehorteris
867 2423 1050 2505 quoque-ab
1073 2424 1174 2503 hisee,
1203 2422 1282 2503 quse

364 2510 478 2570 Christi
499 2508 627 2589 Spiritus
650 2526 713 2567 nou
735 2508 846 2587 probat
868 2527 968 2588 neque
978 2509 1110 2570 fortasse
1131 2506 1283 2587 agnoscit.

365 2592 431 2653 Nec
458 2592 583 2669 mirum,
615 2605 696 2650 cum³
712 2590 744 2650 iu
776 2609 811 2650 se
833 2591 970 2651 Christus
997 2591 1111 2652 divisus
1141 2610 1204 2651 non
1233 2590 1283 2663 sit,

366 2693 467 2755 neque
487 2679 591 2755 potest
607 2674 704 2734 hodie
725 2672 819 2753 nolle,
843 2674 926 2754 quod
941 2680 1080 2756 tempore
1102 2692 1176 2735 suae
1196 2690 1283 2753 prae-

366 2757 529 2820 dicationis
550 2757 650 2817 voluit
667 2765 702 2818 et
723 2758 827 2822 suasit.

448 2842 493 2904 Te
519 2842 623 2920 itaque
656 2859 715 2922 ego
749 2846 853 2921 tuapte
886 2847 997 2923 sponte
1032 2846 1202 2903 currentem
1230 2858 1285 2921 per

365 2926 485 2987 viscera
506 2924 741 2985 Christianitatis
763 2944 893 3002 moneo,
914 2927 1026 3008 incito,
1054 2924 1196 3006 impello,
1217 2942 1285 3003 gra-

366 3010 441 3071 tiam
462 3009 596 3087 Domini,
618 3026 697 3089 quae
718 3008 750 3067 in
773 3014 804 3069 te
826 3017 883 3087 est,
904 3008 943 3069 ad
966 3010 1096 3071 salutem
1119 3008 1284 3069 multorum

368 3093 525 3175 negligere
547 3092 620 3156 noli.
655 3092 737 3152 Deus
761 3099 792 3151 te
806 3093 1032 3173 speculatorem
1054 3112 1146 3175 super
1167 3090 1284 3171 populo

367 3197 423 3238 suo
446 3177 619 3253 constituit,
656 3176 728 3235 huie
749 3174 842 3237 saluti
868 3180 1043 3239 necessaria
1070 3195 1133 3240 non
1156 3174 1286 3235 abscou-

367 3259 433 3337 das,
456 3259 520 3338 sed,
543 3261 622 3318 sicut
642 3258 728 3336 iacis,
749 3258 781 3317 in
804 3258 904 3319 lucem
920 3260 1066 3339 proteres.
1110 3259 1284 3339 Cognoscis

368 3342 480 3403 Ohristi
510 3360 635 3402 vocem:
673 3359 765 3402 nemo
795 3342 950 3403 lucernam
979 3347 1153 3409 accendens
1185 3343 1287 3423 operit

368 3444 437 3487 eam
461 3444 544 3504 vase,
567 3432 620 3485 eut
640 3424 746 3485 subtus
767 3420 883 3488 lectum
905 3431 1002 3509 ponit,
1025 3431 1079 3493 sed
1101 3448 1192 3510 supra
1214 3446 1285 3489 oan-

369 3509 537 3589 dslabrum,
558 3515 592 3569 ut
611 3511 762 3570 intrantes
785 3509 910 3572 videant
930 3511 1044 3579 lumen.

451 3596 510 3657 Dei
530 3596 674 3656 inimicos
700 3594 913 3676 libertatisque
942 3596 1054 3659 Christi
1080 3597 1287 3676 adversarios,

369 3690 403 3744 ut
424 3683 569 3763 coepisti,
603 3687 848 3762 persequereet
879 3681 1124 3762 comprehende,
1156 3699 1286 3760 quorum

369 3769 482 3849 quain
505 3766 585 3828 coeli
607 3771 694 3845 parte
715 3784 778 3826 nou
801 3765 912 3826 omnia
926 3762 1019 3851 plena
1039 3771 1128 3844 sunt,
1150 3763 1229 3825 adeo
1254 3769 1288 3823 ut

369 3850 580 3912 iam'lortesse
602 3848 714 3910 Christi
735 3849 830 3909 verba
845 3843 1078 3928 compleantur,
1100 3856 1132 3909 et
1153 3848 1287 3911 maxime

366 3936 511 4016 quidem:
537 3932 916 4015 SurgentPseudoehristi,
937 3936 975 3992 et
991 3931 1285 4013 Pseudoprophetae

364 4026 403 4081 et
422 4019 538 4081 dabunt
558 4023 650 4101 signa
669 4026 701 4081 et
720 4020 862 4099 prodigia
883 4016 922 4077 ad
944 4015 1152 4095 seducendos,
1174 4018 1200 4076 si
1220 4014 1287 4077 fleri
