3159 4792
533 513 568 569 de
587 516 839 570 communicatione
854 514 1029 570 idiomatum.
1180 512 1244 581 463

321 711 353 765 et
373 704 465 847 uliturl
483 702 673 787 signilloent,
703 705 760 765 nisi
777 702 810 766 id
831 724 955 787 quoque
977 724 1093 767 novam
1113 726 1178 769 rem
1200 706 1243 767 di·

322 805 393 849 cere
414 806 453 848 vc
466 806 502 852 rs.

358 873 433 935 ·25.
462 870 563 932 Stulte
590 870 751 931 cavillatur
773 871 971 950 &autemdicit
1000 890 1068 933 cum
1098 873 1162 933 suia
1193 873 1243 933 bs-

320 953 614 1033 traohomomochis,
644 953 798 1015 Christum
828 954 996 1016 secundum
1019 956 1241 1019 humanitatem

321 1037 381 1099 dici
404 1044 583 1099 creaturam.

383 1123 433 1186 26.
464 1121 566 1181 Homo
597 1120 664 1181 sine
686 1120 798 1199 literis,
831 1120 1015 1201 disciplinis,
1047 1124 1114 1183 sine
1149 1142 1241 1183 sensu

321 1221 444 1283 quoque
465 1203 618 1283 humano,
655 1205 754 1265 nesoit
780 1204 954 1265 discernere
982 1206 1061 1265 inter
1092 1206 1243 1267 voeabula

321 1306 359 1347 os
381 1306 501 1350 urvoca.

360 1305 432 1434 q27.
455 1369 514 1445 Qui
536 1369 617 1429 enim
633 1368 790 1453 dicunt¹)‚
814 1368 965 1434 Christum
979 1379 1241 1449 essecresturam‚

321 1454 432 1514 veteris
454 1454 578 1533 linguae
600 1472 665 1529 usu,
690 1451 791 1532 idest,
813 1458 997 1533 separatam,
1019 1454 1240 1534 nulllunquour

320 1536 441 1597 luerunt
462 1536 637 1596 Christiani.
728 1542 731 1551 “

383 1622 432 1685 28.
456 1618 536 1694 Quin
560 1636 668 1679 omnes
690 1616 751 1678 hoo
772 1625 866 1680 motio
889 1621 1037 1680 acerrime
1050 1620 1242 1701 impugnant,

322 1701 474 1763 Christum
496 1720 564 1763 esse
588 1708 767 1781 creaturam,
785 1701 868 1781 quod
890 1701 995 1764 Ariani
1018 1702 1198 1781 docuerunt.

383 1788 432 1849 29.
462 1786 551 1845 Patet
581 1803 655 1865 ergo
690 1784 888 1863 &optumumst
922 1787 952 1846 in
980 1804 1111 1846 vacuum
1146 1787 1241 1846 olraoa

320 1869 431 1930 latrare
454 1876 563 1929 contro
584 1887 640 1928 sua
667 1869 787 1929 somnis
820 1870 945 1950 proprie
978 1869 1018 1931 de
1047 1876 1187 1931 creatura
1208 1871 1239 1929 io

321 1951 452 2014 Christo.
1168 2011 1170 2018 .

383 2036 432 2101 30.
455 2035 493 2094 Et
514 2034 608 2094 homo
632 2034 677 2093 sui
700 2035 863 2095 immemor
884 2035 1027 2096 concedit
1045 2035 1148 2096 Deum
1171 2054 1241 2096 ease

320 2137 444 2180 carnem
466 2118 596 2194 facturo,
624 2136 692 2179 oum
723 2136 847 2178 carnem
876 2136 946 2180 esse
975 2125 1143 2182 creaturam
1165 2138 1243 2179 non-

320 2202 391 2262 dum
414 2201 528 2262 audeat
544 2212 675 2281 'negare
1160 2197 1167 2214 ²

380 2287 430 2349 31.
458 2283 518 2345 sed
553 2284 692 2345 occultus
719 2283 876 2364 Eutyches
910 2284 1028 2345 habitat
1058 2285 1088 2344 in
1126 2284 1239 2345 talibus

319 2367 498 2445 haereticis,
528 2386 643 2447 negare
663 2368 779 2449 peratis
801 2367 981 2448 aliquando,
1013 2368 1146 2429 Verbum
1169 2387 1238 2429 esse

320 2469 442 2511 curnem
466 2450 590 2513 lautum.

382 2536 431 2597 32.
454 2533 487 2593 ln
510 2535 645 2613 speciem
668 2532 852 2613 concedunt,
876 2534 1009 2596 Verbum
1032 2552 1238 2597 essecarneru

320 2617 448 2694 lactum,
471 2616 543 2677 olim
566 2616 598 2677 id
620 2618 769 2699 negaturi,
791 2617 918 2679 obtento
941 2617 1072 2698 theatro,
1093 2626 1167 2699 post
1188 2638 1240 2679 ne-

319 2709 422 2781 gatam
445 2701 476 2760 in
498 2699 618 2760 Christo
637 2707 817 2762 erecturum.

382 2786 431 2848 33.
459 2783 529 2843 Hoc
560 2783 650 2863 igitur
677 2784 708 2843 in
736 2784 784 2844 his
813 2783 905 2845 rebus
926 2783 1130 2847 ineffabilibus
1153 2806 1238 2866 prae-

319 2866 460 2927 standum
491 2872 551 2945 est,
585 2874 618 2927 ut
651 2866 773 2927 Petrum
806 2866 889 2927 dioto
919 2868 1026 2942 (siculi
1058 2888 1136 2949 opus
1170 2877 1237 2947 cst)

320 2949 483 3012 commode
505 2951 748 3030 interpretemur.

381 3036 430 3098 34.
453 3033 642 3095 Sceleratum
664 3040 721 3113 est,
744 3053 812 3095 oum
835 3034 958 3095 noveris
981 3036 1063 3116 pium
1085 3041 1239 3095 stsanum
1321 3102 1324 3109 ,

320 3136 389 3178 esse
429 3117 557 3179 alicuius
593 3116 777 3197 sensum2),
820 3136 863 3179 ex
904 3118 1006 3180 verbis
1042 3118 1240 3184 incommode

321 3200 409 3261 dictis
432 3208 566 3263 statuere
588 3219 732 3264 errorem.

381 3286 429 3349 35.
457 3282 539 3344 Nulli
562 3284 643 3343 enim
666 3284 788 3345 fuerunt
809 3302 943 3365 unquam
963 3285 1068 3346 Patres
1092 3290 1144 3347 out
1165 3284 1239 3347 doc·

319 3374 412 3445 tores,
436 3364 487 3447 qui
509 3385 572 3427 non
594 3368 760 3448 improprie
782 3368 843 3428 sint
864 3368 969 3448 locuti,
990 3370 1016 3429 ai
1033 3368 1116 3430 dioto
1133 3388 1238 3430 eorum

319 3451 456 3511 cavillari
478 3451 564 3511 velis.

378 3536 427 3600 36.
452 3534 593 3596 Sedulius
605 3533 702 3593 Poeta
714 3532 1024 3617 christianissimum)
1041 3536 1138 3595 canit:
1162 3535 1243 3595 Bes-¹

319 3623 367 3677 tus
389 3624 479 3679 autor
500 3617 609 3695 seculi,
644 3617 756 3678 servile
784 3635 896 3699 corpus
925 3617 1037 3698 induit,
1069 3617 1162 3697 idque
1184 3636 1239 3699 per

319 3706 415 3763 totum
437 3701 611 3787 ecclesium.

318 3872 736 3890 mmm—auu·—

390 3966 418 4033 1)
435 3964 467 4018 'ln
487 3966 529 4019 ed.
548 3955 627 4019 an.:
647 3964 747 4016 dicant.
788 3964 823 4034 2]
844 3964 875 4018 ln
893 3966 937 4020 ed.
956 3966 1041 4023 1558:
1064 3982 1127 4022 eoae
1143 3969 1173 4020 ln
1191 3965 1239 4020 all-

318 4040 395 4091 culus
415 4054 537 4091 sensum.
574 4036 607 4105 3)
629 4036 1045 4108 christianismuslagtmr
1062 4039 1236 4096 incultae.
