3159 4792
526 531 612 591 super
630 522 839 591 expurgatione
849 520 984 575 -nserana
1108 508 1111 523 ¹
1158 512 1200 581 57

362 706 526 769 Praetereo
554 714 659 769 astera
693 710 758 770 eius
774 769 776 775 ,
793 708 944 789 epistolae
978 726 1048 767 enm
1075 704 1200 785 reliquis
1268 758 1270 763 .

289 796 434 870 monstra,
467 792 576 870 quisi
601 796 672 867 (tuo
694 798 799 867 more)
828 789 981 859 uindictae
1000 790 1103 850 furore
1124 788 1202 849 iura-

288 894 346 935 rem
362 873 410 953 ¹),
442 874 528 935 brevi
566 874 753 955 compendio
781 882 813 935 te
846 876 902 935 toti
937 872 1003 936 orbi
1039 870 1203 951 traderem,

288 956 480 1037 qualisqualis
525 978 576 1036 es,
618 958 701 1020 edita
731 960 763 1019 in
793 959 902 1039 vulgus
932 976 970 1018 ea
986 954 1014 1037 ²)
1050 963 1081 1016 at
1107 956 1204 1033 altera

288 1041 424 1121 epistola,
447 1041 502 1102 ssd
515 1042 694 1125 theologico
716 1043 835 1103 nomini
856 1060 961 1122 pareo,
984 1042 1026 1101 tui
1049 1040 1131 1100 enim
1153 1058 1203 1100 me

287 1126 314 1184 in
336 1126 464 1185 veritate
485 1126 617 1191 miseret.
659 1124 737 1187 Nam
770 1125 854 1206 qnod
884 1129 1062 1206 pertatem
1094 1142 1204 1204 expur-

287 1209 438 1288 gationem
461 1228 525 1269 non
547 1210 605 1269 nisi
627 1209 889 1271 criminationibus
911 1208 971 1268 mei
994 1214 1111 1286 santes,
1134 1226 1202 1267 eum

286 1290 314 1350 id
333 1291 444 1369 iacias,
474 1293 586 1353 misera
607 1293 810 1354 simulationis
838 1292 1042 1371 eonscientiae,
1076 1308 1204 1370 sperans
1242 1361 1246 1373 Ι

286 1374 339 1434 boo
357 1376 425 1450 via,
448 1382 479 1435 te
502 1394 538 1436 os
562 1374 726 1437 obliturum
751 1376 926 1437 etrrianum
950 1374 1123 1435 additurum
1146 1374 1205 1435 toti

288 1457 408 1519 mundo.
459 1458 544 1519 Soito
580 1460 657 1537 hoe,
691 1459 953 1520 criminationibus
1000 1458 1059 1518 mei
1097 1465 1128 1517 et
1161 1456 1205 1517 tui

286 1540 535 1621 lipseusiumque
564 1543 656 1603 laude
687 1562 813 1623 prorsus
835 1542 911 1603 nihil
935 1558 1080 1619 moveor,
1115 1540 1204 1600 simu·

286 1623 450 1686 lotionibus
480 1631 581 1686 autem
610 1628 684 1686 tuis
698 1644 800 1706 paene
828 1624 969 1687 oeeidor:
1014 1622 1096 1702 quod
1118 1640 1204 1683 mon-

285 1714 374 1769 strum
398 1714 433 1768 et
453 1707 590 1769 Christus
611 1711 748 1769 omnium
768 1708 961 1788 iniquissime
983 1707 1065 1783 tulit,
1097 1724 1205 1785 peoea-

284 1795 363 1851 tores
391 1790 508 1870 alioqui
532 1798 563 1852 et
582 1792 765 1872 publicanos
794 1797 918 1871 apertos
942 1789 1122 1850 suavissime
1142 1808 1205 1849 am·

285 1873 398 1952 plexus:
432 1874 472 1934 Et
493 1874 566 1953 quid
591 1874 708 1936 odisset
727 1876 841 1937 veritas
856 1871 1090 1949 dulcissima³)‚
1113 1890 1204 1951 quam

285 1958 420 2017 veniatis
440 1958 547 2038 bootes
568 1959 657 2020 titulo
678 1960 816 2019 veritatis
838 1976 872 2020 se
893 1952 1104 2036 venditantes!
1188 1970 1201 1984 ¹·
1229 1958 1232 1965 '

361 2040 633 2117 Porro,‘iudiees‚
657 2060 750 2121 quare
771 2041 892 2103 iaetus?
921 2060 961 2101 an
995 2038 1078 2119 quod
1101 2048 1207 2099 eorum

287 2125 469 2184 sententiam
490 2124 640 2204 illuseris,
672 2131 706 2185 ut
722 2126 902 2187 'inveniatur
927 2122 1071 2204 iniquitas
1086 2128 1147 2181 tua
1168 2121 1207 2181 ad

286 2205 416 2267 odium?
437 2206 593 2268 Habemus
615 2214 698 2269 tuam
712 2210 980 2289 expurgationem,
1004 2224 1095 2284 quam
1113 2223 1208 2285 oppo-

285 2309 390 2350 namus
416 2292 559 2351 universo
581 2291 706 2369 mundo,
730 2292 850 2353 doeturi
872 2290 1026 2371 Lipsieam
1048 2288 1128 2348 hane
1150 2287 1209 2347 dis-

285 2375 477 2453 putationem
500 2373 594 2434 fuisse
616 2374 779 2436 ludibrium
802 2375 957 2451 veritatis,
988 2379 1019 2433 et
1040 2371 1208 2431 Eooianam

285 2456 522 2538 simulationem,
545 2472 624 2537 quae
644 2452 734 2518 latius
756 2456 900 2539 pandam,
921 2456 973 2517 ubi
986 2453 1122 2535 ampulla
1145 2459 1207 2531 tua,
1260 2518 1270 2529 ,

285 2556 373 2617 quam
396 2541 545 2619 parturis,
572 2540 726 2620 prodierit
772 2542 896 2603 Interim
919 2539 958 2601 ad
980 2537 1098 2617 reliqua
1119 2537 1207 2597 buius

285 2622 465 2702 sterquilinii
485 2623 530 2683 tui
553 2624 742 2703 respondere
764 2625 855 2701 nolo,
879 2626 938 2684 iree
960 2640 1038 2703 opus
1061 2627 1124 2694 est,
1146 2637 1208 2679 una

283 2704 340 2765 bae
374 2713 465 2785 parte
503 2708 668 2768 summaria
701 2710 774 2769 satis
820 2712 1028 2782 monstrante,
1075 2705 1125 2783 qui
1166 2704 1207 2763 sis

283 2788 415 2851 inloto,

362 2870 406 2931 Et
426 2877 460 2931 ut
479 2870 603 2932 redeam
625 2872 664 2932 ad
687 2880 733 2951 te,
769 2872 840 2933 dieo
873 2878 903 2932 et
925 2888 1069 2951 propono
1102 2888 1206 2931 eoram

285 2960 313 3014 te
344 2960 376 3015 et
398 2955 543 3015 universo
566 2953 659 3037 orbe,
693 2961 899 3035 repetensque
927 2962 958 3014 et
989 2954 1098 3013 iterum
1121 2952 1206 3013 dieo:

285 3036 447 3098 (lnrlstadii
483 3038 720 3118 propositiones·
746 3057 816 3099 esse
851 3054 959 3114 veras,
998 3033 1137 3095 similiter
1178 3041 1209 3095 et

286 3138 381 3180 meam
395 3113 582 3199 ‘epistolam
625 3121 665 3181 Et
686 3127 720 3183 ut
741 3120 796 3182 tibi
819 3121 939 3181 fortiter
959 3117 1131 3196 inauleem,
1168 3136 1207 3177 ne

285 3202 384 3264 aliena
418 3204 533 3265 intutus
572 3206 734 3284 proposita
768 3206 866 3280 (sieut
899 3202 1000 3276 soles)
1041 3200 1207 3280 relinquas,
1280 3284 1282 3295 Ι
1400 3234 1401 3245 ¹

285 3287 460 3347 maiusonlis
480 3285 576 3349 literis
597 3285 767 3368 designabo
789 3306 955 3347 summam:

364 3368 406 3430 Si
437 3368 503 3430 has
532 3372 840 3450 propositiones
869 3388 980 3431 veras
1015 3387 1102 3428 esse
1124 3385 1208 3428 oon·

286 3452 410 3531 sedis,
445 3453 544 3531 quod
568 3451 732 3514 liberum
761 3454 967 3515 arbitrium
996 3457 1089 3512 ante
1121 3468 1207 3530 gra-

286 3534 375 3595 tiam
406 3554 478 3595 non
516 3534 641 3597 solum
674 3556 748 3598 nou
772 3541 961 3613 meretur,
996 3532 1061 3595 sed
1092 3534 1207 3593 etiam

235 3633 238 3639 ‘
285 3624 424 3695 peceat
445 3617 727 3681 damnabiliter
757 3620 905 3697 (audis,
940 3617 1069 3695 audis,
1100 3614 1206 3693 Eoei,

287 3719 328 3760 ne
350 3702 552 3782 simules),
582 3710 619 3763 et
640 3705 888 3783 propinquat
917 3721 992 3762 non
1015 3700 1138 3761 solum
1162 3698 1207 3777 ei,

286 3874 493 3882 --.—.---..-.-.

355 3973 384 4040 1)
401 3972 434 4026 Iu
452 3972 495 4027 ad.
516 3973 599 4041 orign
618 3974 729 4025 inraret
767 3971 801 4037 2)
823 3972 853 4024 ln
872 3970 914 4025 ed.
932 3970 989 4024 len.
1008 3974 1035 4025 at
1053 3970 1139 4025 wilt:
1157 3977 1208 4025 est.

287 4044 313 4113 a)
331 4045 363 4099 ln
383 4044 425 4100 ad.
443 4045 503 4100 len.
521 4044 567 4099 lrie
583 4046 757 4099 intersertum
776 4044 889 4111 legitur:
910 4044 1009 4113 magia
