3159 4792
335 475 401 543 460
648 480 803 551 Disputatio
823 480 848 534 l)
866 481 901 538 ll.
920 480 950 538 L.

338 686 413 751 ergo
436 668 529 731 Filius
551 669 608 730 Dei
644 676 691 731 est
723 669 822 730 lactus
856 674 1018 749 creatura,
1039 675 1087 730 est
1109 668 1209 731 bonus
1230 670 1262 729 in

339 752 547 834 philosophia.
628 764 636 799 t

400 854 449 917 23.
472 852 520 914 Ac
554 854 579 913 si
611 853 711 933 possit
738 849 899 913 subtilibus
929 852 1137 934 kenophoniis
1160 852 1263 934 sophi-

337 935 611 1033 starumndelendh
634 943 736 997 tamen
759 953 822 997 non
845 935 938 997 debet
958 937 1082 997 tolerari
1111 937 1141 997 in
1166 936 1263 997 eccle·

337 1038 384 1079 m
400 1019 568 1165 &Multo
592 1102 691 1162 minus
713 1103 772 1163 istc
796 1100 938 1161 ferendus
960 1109 1023 1163 est:
1052 1101 1160 1164 Omnis
1189 1122 1262 1163 caro

338 1191 387 1245 est
408 1191 560 1263 creatura,
596 1184 731 1246 Verbum
756 1191 804 1245 est
824 1203 921 1264 caro,
949 1205 1024 1267 ergo
1056 1184 1193 1247 Verbum
1217 1192 1265 1246 est

338 1273 541 1417 ureaggrsmo
561 1351 635 1411 iste:
660 1350 767 1411 Omnis
783 1368 863 1411 *caro
887 1358 935 1412 est
956 1357 1105 1429 creature,
1126 1350 1265 1412 Verbum

339 1452 402 1494 non
425 1441 472 1495 est
494 1440 650 1510 creatura,
672 1452 747 1515 ergo
778 1434 913 1495 Verbum
935 1453 998 1495 non
1022 1440 1069 1495 est
1090 1453 1173 1500 caro.

402 1520 451 1582 26.
474 1517 508 1577 ln
530 1517 578 1577 his
611 1523 642 1577 st
676 1515 826 1577 similibus
861 1516 1049 1598 syllogismis
1084 1523 1132 1578 est
1164 1517 1265 1577 forma

342 1601 471 1681 optima,
497 1599 552 1660 sed
571 1599 646 1659 nihil
668 1599 707 1660 ad
730 1600 899 1661 materiam.

404 1702 452 1765 27.
477 1699 620 1760 nundum
643 1718 717 1779 ergo
743 1704 790 1760 est
826 1698 865 1760 ad
899 1700 991 1761 aliam
1014 1699 1211 1760 dialecticam
1235 1707 1267 1761 et

339 1782 567 1863 philosophiam
597 1784 628 1842 in
658 1783 795 1843 articulis
815 1781 904 1862 fidei,
945 1802 1024 1863 qua-e
1045 1789 1177 1844 vocatur
1200 1803 1265 1844 ver·

340 1864 411 1925 bum
432 1867 491 1927 Dei
515 1873 546 1925 ct
566 1864 653 1929 fides.
1040 1878 1043 1886 ’

403 1950 451 2013 28.
473 1949 530 2009 Hic
545 1948 719 2010 sistendum
743 1955 806 2026 est,
829 1954 860 2009 et
882 1947 1107 2027 disputationes
1128 1948 1265 2028 philoso-

339 2031 432 2113 phiae
454 2033 641 2093 contrarium
671 2032 891 2093 concludentes
920 2050 977 2112 pro
999 2049 1156 2091 ranarum*
1171 2050 1264 2092 coax-

339 2116 445 2176 atione
467 2115 638 2176 habendae
738 2156 741 2161 ‹

401 2200 450 2262 29.
475 2198 622 2279 Cogimur
638 2204 740 2258 tamen
764 2197 856 2257 etiam
878 2198 910 2257 in
922 2196 993 2257 aliis
1009 2196 1125 2259 artibus
1137 2216 1264 2278 negare,

341 2280 425 2361 quod
447 2281 529 2344 idem
554 2283 594 2342 sit
614 2300 720 2341 verum
743 2281 773 2339 in
798 2278 949 2342 omnibus.

402 2366 452 2429 30.
474 2365 597 2425 Falsum
626 2371 674 2424 est
701 2364 781 2423 euim
806 2369 838 2423 et
866 2381 951 2423 error
978 2364 1008 2422 iu
1042 2382 1158 2443 genere
1187 2368 1264 2443 pon-

340 2446 456 2590 derum,
479 2454 593 2527 puncto
617 2453 648 2507 et
669 2446 752 2507 linco
769 2446 987 2508 mathematico
1010 2445 1145 2526 appendi
1167 2465 1262 2527 posse

341 2549 490 2619 ponera.

405 2631 453 2694 31.
469 2628 591 2690 Falsum
616 2634 663 2689 est
686 2635 717 2690 et
738 2648 824 2689 error
845 2630 875 2687 in
899 2648 1014 2709 genere
1035 2646 1263 2690 mensurarumr

340 2714 507 2775 sextarium
531 2711 632 2792 pedali
655 2712 705 2772 vel
727 2712 825 2771 ulnari
848 2730 993 2772 mensuro
1016 2712 1125 2771 metiri.

404 2796 452 2860 32.
476 2795 598 2856 Falsum
632 2802 679 2855 cst
712 2801 744 2856 et
783 2813 867 2855 error
897 2796 930 2854 in
963 2813 1078 2876 genere
1110 2793 1261 2855 linearum

340 2879 469 2941 uncialis
493 2879 542 2939 vel
565 2878 681 2939 libralis
704 2878 906 2959 comparatio.

403 2964 452 3027 33.
478 2960 559 3037 Quin
580 2961 691 3021 falsum
715 2967 746 3021 et
769 2980 854 3021 error
876 2967 941 3039 cst,
974 2959 1058 3039 quud
1079 2959 1162 3021 linea
1178 2966 1263 3020 recta

342 3053 373 3107 et
393 3064 486 3105 curva
508 3046 569 3105 siut
591 3043 848 3125 proportionales.

405 3147 454 3211 34.
478 3144 519 3206 Et
541 3143 741 3223 quadratcres
765 3144 880 3221 circuli,
903 3142 977 3203 licet
998 3160 1062 3202 uon
1083 3142 1194 3201 fulsum
1218 3133 1275 3202 di-¹

341 3235 422 3307 caut,
444 3228 516 3287 dum
538 3227 651 3288 lineam
674 3234 788 3288 rectam
811 3233 843 3287 ct
865 3244 989 3286 curvam
1011 3231 1126 3285 vocant
1147 3231 1262 3285 utram-

287 3320 291 3330 '
341 3331 401 3392 que
425 3311 547 3371 lineam.
781 3328 785 3335 ·

404 3413 454 3476 35.
475 3410 593 3471 Tamen
620 3410 682 3471 hoc
703 3409 814 3469 falsum
837 3414 899 3487 est,
933 3409 959 3468 si
981 3407 1083 3469 lineae
1103 3413 1209 3468 rectae
1232 3415 1264 3468 et

342 3513 454 3555 curvae
476 3495 709 3574 proportionem
731 3492 834 3553 facere
857 3491 974 3555 volunt.

405 3579 453 3641 36.
477 3576 620 3656 Denique
655 3575 768 3655 aliquid
791 3581 839 3635 est
871 3593 976 3634 verum
1012 3574 1044 3632 in
1083 3592 1144 3632 uua
1175 3581 1264 3653 parte

341 3660 573 3741 philosophiae,
605 3658 687 3739 quod
710 3664 813 3719 temen
835 3657 945 3717 falsum
969 3663 1017 3717 est
1038 3656 1069 3715 in
1092 3656 1154 3715 olio
1175 3663 1263 3737 parte

342 3743 567 3823 philosophiae.

406 3827 455 3889 37.
478 3826 595 3887 Hnmor
605 3825 770 3901 humectat,
795 3829 843 3883 est
857 3824 970 3883 veritas
983 3823 1015 3881 iu
1026 3821 1158 3901 sphaera
1172 3821 1265 3899 aeris,

346 3905 401 3967 sed
424 3907 586 3968 manifesta
607 3907 745 3968 haeresis
767 3906 799 3967 in
823 3906 955 3985 sphaera
976 3905 1067 3985 ignis.

401 3990 454 4055 38.
471 3989 518 4050 Ita
539 4010 595 4071 per
617 3989 739 4071 singula
760 3988 889 4049 artificia
911 3987 962 4049 vel
983 3988 1087 4068 potius
1110 4005 1215 4067 opera,
1237 3988 1263 4046 si
