3159 4792
360 504 424 573 364
671 508 826 579 blspntutlo
844 508 878 566 D.
897 508 932 566 M.
950 510 979 567 1..

405 700 433 762 5.
455 696 524 759 Hoc
546 705 610 779 est,
651 705 686 760 ut
715 698 848 759 honeste
879 699 1003 777 mount,
1038 718 1078 761 ne
1100 697 1285 760 adversariis

363 780 555 861 oriminundi‚
577 782 791 859 moledioendi‚
815 780 1024 863 opprobrandi
1045 780 1220 863 praebeant
1236 801 1285 844 oe

362 884 530 928 eberonem.
1309 884 1312 889 ·

404 951 433 1012 6.
456 946 508 1009 flio
534 946 659 1009 Samuel
689 954 721 1009 et
748 947 851 1008 lloses
890 966 959 1009 sese
1001 944 1286 1028 irreprehensibiles

283 1073 288 1080 -
365 1049 472 1091 eorem
495 1031 611 1111 populo
633 1038 802 1110 testentur,
838 1029 908 1089 dum
941 1032 1055 1092 nemini
1086 1030 1203 1093 bovem
1234 1039 1286 1091 aut

364 1116 482 1174 asinum
505 1113 677 1190 abstulisse,
700 1120 754 1175 eut
775 1114 960 1174 calumniam
981 1113 1094 1174 fecisse
1105 1115 1285 1196 glorientur.

403 1201 433 1261 7.
455 1197 648 1258 Manifestum
670 1204 716 1258 est
728 1198 830 1279 igitur,
853 1196 979 1257 Paulum
1004 1196 1042 1257 de
1056 1196 1209 1259 eiusmodi
1232 1198 1284 1259 ori-

363 1278 494 1423 mlinlibus
522 1280 622 1361 loqui,
655 1299 735 1361 quae
768 1281 830 1341 sint
858 1281 949 1340 etiem
976 1278 1090 1341 mundo
1122 1282 1286 1363 reprehen-

362 1382 388 1422 sr
410 1382 472 1425 rra.

403 1445 432 1507 8.
457 1445 568 1521 Qualis
589 1447 707 1527 etipse
729 1445 864 1525 exempli
887 1447 954 1505 vioe
976 1453 1126 1523 numerat,
1157 1446 1285 1520 seilioet,

362 1526 395 1589 Bi
417 1548 480 1588 non
501 1530 618 1609 praesit
637 1529 781 1606 familiae,
804 1547 867 1589 non
891 1529 1021 1609 castiget
1042 1526 1171 1607 liberoS,
1196 1530 1221 1589 si
1244 1530 1285 1589 vi-

362 1612 516 1694 nolentus,
539 1612 698 1692 superbus,
721 1630 842 1689 avarus,
864 1630 975 1672 saevus
997 1618 1055 1672 eto.
1083 1610 1181 1675 fuerit.

403 1698 434 1759 9.
458 1695 499 1756 Ut
520 1696 611 1775 quale
632 1697 747 1755 orimen
771 1701 834 1770 est,
864 1694 945 1755 filios
968 1712 1031 1754 non
1052 1696 1221 1775 oestignre‚
1243 1694 1284 1754 fn

360 1776 459 1837 milies
483 1796 545 1837 non
568 1798 729 1858 praeesse,
765 1778 828 1839 tale
849 1786 902 1837 eut
923 1796 995 1858 per,
1030 1784 1084 1837 aut
1106 1779 1202 1839 meins
1234 1798 1286 1838 ne·
1401 1818 1402 1829 .

361 1878 449 1921 nesse
470 1866 519 1920 est
539 1861 694 1940 prohiberi
715 1862 832 1921 unitate
855 1861 970 1921 uxoris.

385 1947 434 2008 10.
458 1942 549 2017 Quod
573 1963 642 2004 esse
663 1943 748 2005 uliud
769 1963 832 2005 non
855 1949 968 2023 potest,
989 1961 1087 2022 ¹quom
1111 1961 1151 2005 ne
1170 1942 1284 2003 limites

362 2025 485 2087 bonesti
507 2028 641 2107 eoniugii
663 2028 795 2088 otthoni
824 2026 1010 2086 immaeulsti
1033 2024 1284 2107 transgredietur.

386 2112 430 2171 11.
455 2107 515 2168 Sed
537 2110 576 2169 sit
611 2130 672 2170 nne
693 2117 724 2171 et
751 2130 807 2170 sue
830 2115 992 2170 contentus
1013 2127 1126 2187 uxore,
1165 2129 1205 2170 ne
1233 2116 1285 2170 eut

361 2192 496 2273 virgines
524 2194 627 2271 vitiet,
659 2200 713 2253 eut
738 2193 856 2253 alienus
888 2192 1043 2272 permulnt
1070 2210 1200 2271 uxores,
1234 2200 1286 2253 eut

362 2294 430 2334 oum
454 2276 561 2353 quovis
583 2281 743 2339 seortetur.

386 2360 432 2421 12.
453 2358 530 2417 Nam
555 2365 593 2433 ut,
609 2359 765 2420 libidinem
782 2359 881 2439 possit
904 2359 933 2417 in
951 2357 1018 2417 eliis
1032 2376 1170 2437 arguere,
1195 2377 1284 2438 opor·

364 2447 408 2501 tet
428 2441 526 2520 ipsum
551 2443 648 2521 primo
671 2442 710 2503 sb
734 2462 771 2503 eo
794 2460 901 2522 purum
924 2458 1001 2501 esse.

384 2526 433 2589 13.
455 2524 496 2583 Et
517 2533 550 2584 nt
570 2525 725 2585 laudatum
754 2526 927 2585 oestitotem
949 2522 1119 2603 ,praedieet
1146 2523 1286 2603 lelioiter,

362 2607 461 2686 ipsum
484 2609 622 2687 inprimis
645 2614 762 2669 eastum
785 2627 860 2669 esse
877 2606 975 2667 deoet

385 2690 432 2752 14.
455 2689 520 2749 Nee
542 2692 622 2750 enim
655 2689 880 2771 credipotest,
916 2707 985 2749 eum
1008 2695 1055 2749 tot
1081 2689 1111 2748 in
1135 2689 1286 2770 episeopo
1401 2756 1402 2765 χ

363 2770 452 2833 dotes
474 2775 622 2853 requiret,
643 2793 734 2834 unum
758 2774 931 2834 eustitutem
955 2770 1090 2833 voluisse
1113 2772 1267 2833 omittere.

385 2858 433 2919 15.
455 2855 530 2917 ldeo
553 2876 616 2916 non
639 2861 687 2918 est
707 2857 841 2932 dubium,
864 2854 1048 2935 Apostolum
1071 2856 1189 2915 unitate
1210 2874 1288 2916 uxo·

363 2938 404 2997 ris
426 2940 598 2999 uastitatem
622 2938 744 3017 dooere,
767 2959 831 3000 non
853 2957 968 2999 novum
990 2939 1186 2998 ceremoniae
1209 2938 1288 3018 peri·

365 3021 491 3081 oulosne
514 3022 656 3099 laqueum
679 3028 711 3083 et
732 3021 911 3083 soendolum
934 3039 1051 3100 ponere
1072 3020 1220 3082 voluisse.

387 3107 434 3168 16.
457 3104 534 3165 Eum
557 3106 729 3167 uastitatem
751 3124 844 3184 sone,
879 3122 960 3183 quae
986 3105 1138 3164 tutissime
1168 3105 1224 3183 sit,
1259 3111 1290 3165 et

363 3185 480 3266 ubsque
502 3187 555 3247 illo
578 3187 724 3269 singulari
754 3188 838 3249 dono
860 3188 1009 3267 praestan·
1031 3193 1139 3267 quest,
1175 3205 1288 3266 nempe
1351 3208 1352 3213 ¹

364 3269 569 3349 coniugalem.

386 3355 434 3415 17.
457 3351 532 3412 Cum
555 3354 635 3413 enim
657 3354 794 3434 reliquos
820 3353 909 3415 dotes
931 3354 993 3412 sint
1016 3372 1123 3413 omnes
1148 3353 1288 3433 spiritun-

363 3435 425 3510 les,
448 3442 479 3495 st
500 3436 583 3496 nulla
606 3438 835 3516 ceremonialis‚
864 3454 1035 3497 consonum
1059 3443 1122 3510 est,
1145 3447 1177 3495 et
1199 3438 1288 3497 oesti-

364 3524 458 3578 tutem
491 3538 553 3579 non
584 3520 839 3599 oeremonislem,
873 3518 904 3579 id
938 3526 999 3592 est,
1037 3520 1287 3599 monogamieam

364 3620 443 3662 esse.

387 3685 435 3747 18.
460 3684 502 3745 Ut
534 3686 638 3756 (unius
661 3686 765 3745 uxoris
788 3685 850 3760 vir)
887 3683 969 3745 idem
1003 3684 1058 3762 sit,
1094 3683 1180 3762 quod
1214 3683 1289 3746 illud

367 3769 394 3829 1.
418 3766 488 3829 Cur.
510 3772 548 3831 7:
572 3768 789 3847 Unusquisque
812 3786 945 3829 uxorem
963 3786 1049 3829 suem
1072 3764 1194 3828 hubent.

387 3851 435 3911 19.
458 3846 551 3923 Quod
580 3851 643 3911 illie
676 3870 779 3930 suem,
816 3850 866 3910 hie
900 3870 991 3911 unam
1024 3868 1152 3910 uxorem
1185 3857 1289 3928 noent,
1379 3897 1385 3911 .

364 3930 474 4073 ἶοίΐιιε
497 3934 628 4013 soilieet,
651 3953 691 3993 ne
714 3934 851 3995 diverses
874 3941 927 3995 sut
947 3932 1065 3995 alienos
1086 3952 1201 3994 uxores
1218 3934 1290 4028 pol-

376 4030 416 4073 nu
431 4057 438 4073 .
