3159 4792
491 522 587 573 eontra
605 517 772 576 dndnomos
791 520 827 576 de
845 523 1024 591 poenitende
1156 520 1219 588 436

363 704 409 769 18.
434 704 582 769 Parentes
600 706 772 789 honorum,
794 714 880 771 oeste
900 710 1015 790 vivere,
1036 708 1219 789 homicidiis,
1282 696 1287 703 ⁴

299 785 473 861 adulteriis,
492 790 580 851 furtis
598 790 771 873 ‘obstinerm
794 811 856 853 non
880 799 929 855 est
950 794 1157 855 necessarium
1178 794 1219 856 ed

298 869 560 954 iuetifloetionem,
583 893 657 957 ergo
675 876 753 939 tulin
773 894 837 937 non
858 883 930 939 eunt
945 876 1098 939 doeende.
1192 907 1194 910 ·

361 957 410 1020 19.
439 956 604 1019 Hominem
636 957 750 1021 debere
786 960 914 1040 politiae
946 968 978 1022 et
1015 961 1219 1032 oeoonomioe

296 1038 463 1119 inservire,
495 1060 559 1103 non
589 1048 636 1102 est
665 1044 872 1105 neeessariam
896 1044 939 1107 ed
959 1044 1219 1123 iustifioetionom,

298 1138 373 1203 ergo
397 1120 449 1183 lex
470 1124 622 1186 eiusmodi
647 1127 863 1191 eettollende.

360 1206 412 1270 20.
432 1206 495 1269 Hes
519 1212 757 1289 consequentius
781 1211 939 1292 sophistae
961 1212 1036 1273 olirn
1057 1210 1218 1283 irridentes

298 1296 487 1352 uooeverunt
507 1311 527 1352 u
547 1291 659 1354 bseulo
682 1294 720 1357 ed
743 1294 900 1375 ungulum.
1129 1336 1132 1340 >

358 1374 409 1436 21.
431 1372 464 1434 Si
485 1375 683 1457 syllogismus
706 1378 780 1457 vult,
803 1377 882 1438 heee
903 1396 966 1438 non
988 1397 1059 1439 esse
1073 1376 1218 1440 doeendu

296 1453 337 1518 ed
358 1455 609 1521 iust'fleetionsm
631 1462 816 1540 neeessarie,
839 1460 913 1541 quid
934 1462 1007 1522 novi
1031 1459 1187 1523 adfertur?

318 1560 321 1572 ·
359 1541 410 1603 22.
431 1540 480 1601 Ex
501 1542 562 1604 hoe
582 1561 645 1605 non
668 1545 815 1624 sequitur,
836 1544 938 1625 legem
953 1563 1023 1606 esse
1035 1544 1219 1622 tollendum,

297 1628 433 1685 autnon
456 1624 644 1707 docendum,
675 1629 796 1689 etiamsi
828 1627 903 1689 nihil
934 1629 1032 1709 prosit
1053 1627 1093 1690 ud
1108 1626 1218 1689 -iuetitl

297 1707 464 1769 ostionem.
1050 1743 1053 1753 ·

359 1792 409 1855 23.
438 1791 529 1855 Falso
566 1793 718 1875 allegetur
736 1794 786 1854 ·in
826 1794 946 1856 Minore
977 1794 1171 1876 experientia
1199 1812 1220 1855 e

296 1873 392 1936 Peulo
426 1881 457 1936 et
478 1875 639 1957 Bernaba,
668 1896 724 1958 per
757 1896 887 1958 quorum
905 1878 1119 1941 ministerium
1152 1878 1219 1938 sine

296 1957 367 2039 lege
387 1967 495 2039 gentes
518 1966 590 2021 sunt
609 1960 803 2023 iustifleutse.

357 2042 408 2105 24.
430 2042 546 2125 Arguit.
561 2045 643 2105 enirn
666 2044 788 2124 Paulus,
813 2062 922 2106 omnes
943 2050 1126 2125 peooetores
1148 2062 1219 2105 esee

296 2124 401 2204 (quod
423 2125 647 2208 oliioiumlegis
661 2134 739 2206 est),
762 2128 824 2190 hoo
845 2129 925 2208 ipso,
946 2127 1030 2208 quod
1052 2126 1218 2189 iustifloon-

296 2207 353 2269 dos
377 2226 446 2271 esse
463 2210 559 2286 ¹dooet
581 2211 612 2271 in
635 2211 769 2275 Christo.
813 2208 818 2213 ’

358 2292 407 2357 25.
435 2292 649 2355 luetifieendus
678 2296 783 2375 utique
812 2299 959 2377 peooetor
987 2299 1049 2371 est,
1081 2293 1218 2356 nondum

295 2374 409 2457 iustus,
441 2384 474 2439 et
501 2396 566 2440 non
593 2379 652 2440 nisi
680 2398 720 2441 ex
741 2378 813 2459 lege
833 2383 980 2461 peooetor
1000 2396 1071 2443 esse
1093 2379 1218 2441 eonvin-

294 2460 384 2521 eitur.

355 2544 406 2607 26.
432 2542 523 2624 (Sine
544 2542 632 2628 lege)
656 2544 769 2626 ubique
790 2545 822 2605 in
844 2545 940 2608 Peulo
962 2545 1092 2627 intelligi
1112 2542 1217 2622 debet,

295 2633 328 2688 ut
367 2625 556 2708 Augustinus
583 2634 667 2690 reete
696 2629 840 2712 exponit,
875 2631 946 2712 lege
977 2628 1157 2710 adiuvante,
1186 2627 1219 2691 id

295 2709 379 2791 quod
400 2730 523 2792 semper
544 2713 641 2773 seouti
663 2730 778 2773 sumus.

356 2796 406 2859 27.
438 2794 522 2855 Nihil
553 2798 635 2855 enim
662 2796 748 2857 iuvet
772 2795 825 2857 lex
856 2794 897 2858 ed
924 2796 1138 2876 impletionem
1161 2794 1218 2874 sui,

297 2875 353 2939 sed
375 2878 501 2958 requirit
521 2879 733 2961 impletionem
757 2879 815 2942 sni.
1243 2944 1250 2955 ,

357 2962 407 3027 28.
438 2962 636 3043 Requiritque
659 2963 751 3023 etiem
775 2960 855 3022 adeo
879 2979 1002 3038 severe,
1029 2965 1073 3037 ut,
1095 2958 1218 3020 Christo

295 3045 365 3126 ipso
388 3052 476 3124 teste,
502 3064 560 3106 neo
582 3047 716 3107 otiosum
738 3044 865 3107 verbum
888 3043 964 3105 velit
985 3043 1177 3123 impunitum.

358 3131 408 3193 29.
423 3128 477 3211 ¹Elt
498 3128 608 3191 eodem
630 3130 764 3203 Domino
788 3135 866 3189 teste
897 3146 998 3209 neque
1031 3145 1124 3192 unum
1153 3126 1220 3185 iote

294 3217 348 3355 piot
383 3232 464 3294 apex
494 3214 651 3294 praeteriri
681 3212 781 3286 possit
808 3231 828 3272 e
859 3211 945 3291 lege,
980 3209 1081 3272 donee
1115 3209 1220 3271 omnio

319 3301 382 3360 ent.
476 3346 479 3349 .

357 3381 407 3449 30.
437 3379 577 3459 Denique
610 3378 795 3441 solvendum
833 3385 880 3439 est
915 3376 1067 3455 debitum,
1100 3377 1126 3436 si
1155 3394 1218 3436 non

263 3500 272 3533 x
295 3469 471 3544 opponetur
487 3462 624 3524 Christus
646 3460 706 3544 legi
729 3462 887 3542 exeetrioi,
908 3480 1007 3542 usque
1027 3459 1066 3523 ed
1088 3460 1219 3522 novissi-

294 3566 380 3609 mum
401 3545 613 3626 quadrantem.

357 3631 408 3695 31.
429 3628 500 3691 Non
522 3630 597 3691 lecit
618 3629 717 3710 gretie
740 3634 771 3689 et
791 3628 933 3690 remissio
955 3626 1154 3710 peeoetor‘um
1173 3643 1219 3686 se·

295 3730 385 3775 euros
415 3712 455 3775 de
482 3718 629 3795 peoeeto‚
658 3715 757 3773 morte
786 3731 824 3773 ae
852 3712 938 3793 lege,
971 3710 1058 3790 quusi
1087 3708 1218 3790 emplius

294 3797 359 3859 siut
380 3796 468 3860 nihil.
1132 3836 1136 3845 -

358 3882 408 3946 32.
436 3879 496 3943 Sed
518 3876 614 3940 multo
638 3878 735 3959 magis
758 3876 922 3958 diligentes
945 3881 976 3935 et
996 3873 1165 3955 sollicitos,
1186 3880 1220 3937 ut

294 3984 351 4049 per
371 3964 525 4026 Christum
547 3962 733 4025 salvotorem
756 3979 795 4021 ee
816 3958 953 4040 quotidie
973 3960 1143 4021 vinoumus.

357 4050 409 4117 33.
436 4047 501 4110 Lex
521 4047 604 4110 enim
625 4044 711 4107 nulle
732 4050 841 4107 nostro
860 4042 1064 4190 neoes2sgtste,
1090 4042 1147 4105 red
1179 4040 1219 4103 de

991 4128 1024 4167 e.
