3159 4792
525 483 632 541 additio
652 486 681 539 Β.
699 483 917 541 Ιιιιιξιυιιιοιί.
968 495 970 501 ’
1116 478 1126 495 “
1159 482 1202 549 33

296 692 340 735 sos
359 675 427 735 iuris
462 676 557 736 divini
596 681 782 754 assertores,
820 676 869 755 qui
905 682 1005 755 neque
1037 674 1200 754 temporali

294 758 375 835 vitae,
397 778 496 839 neque
516 762 665 819 aeternae
680 758 777 818 'saluti
800 760 893 819 totius
905 757 987 820 orbis
1000 763 1139 839 pareunt,
1161 772 1202 817 ne

294 839 435 902 differatur
454 847 510 902 aut
530 840 709 921 detrahatur
726 841 779 902 ¹vei
800 860 863 901 ‘uua
889 840 966 901 hora
998 841 1054 901 iuri
1084 838 1199 919 divino,

294 924 336 982 aui
354 929 383 983 ιιι
403 925 512 1005 viginti
534 926 623 1007 annis
645 923 790 985 oonoadis
818 926 914 985 otium
949 924 1044 985 fuisse
1073 926 1104 985 et
1126 922 1199 983 dila-

293 1007 409 1087 tionem,
432 1014 527 1087 atque
547 1007 579 1067 id
601 1009 835 1087 eomparatioue
864 1007 971 1067 salutis
1001 1008 1090 1068 unius
1118 1005 1198 1066 vilis-

293 1089 352 1149 simi
370 1089 506 1169 latr'onis‚
528 1109 596 1150 oum
619 1089 732 1152 Christi
760 1092 915 1171 potuisses
944 1091 1063 1173 gloriae
1085 1089 1199 1150 dilatae

292 1188 467 1253 eomparare.
766 1196 769 1207 ⁴

363 1256 442 1317 Nihil
464 1274 540 1336 ergo
561 1256 686 1338 mirum,
718 1255 744 1315 si
767 1254 874 1316 Petrus
905 1260 936 1316 et
956 1254 1068 1317 Paulus
1091 1262 1197 1316 nostro

290 1339 384 1400 seonio
404 1340 552 1400 haeretiei
573 1337 658 1417 flant,
680 1339 752 1399 dum
765 1338 872 1399 Petrus
897 1333 1031 1421 pessimo
1053 1338 1197 1418 exemplo

292 1422 507 1501 nonarohiam,
538 1423 605 1483 iura
632 1428 663 1481 et
690 1421 852 1503 privilegia
882 1422 1034 1483 eeclesiae
1055 1440 1130 1482 suae
1153 1428 1197 1483 to-

290 1509 403 1585 tamque
422 1506 538 1567 molem
560 1506 768 1585 superiorem,
805 1504 899 1565 hodie
930 1524 1005 1566 sane
1033 1504 1072 1565 ad
1094 1510 1197 1566 oonte-

288 1587 391 1649 rsndos
412 1588 548 1669 populos
586 1588 886 1669 negotiosissimam,
914 1586 988 1649 ieoit
1015 1590 1146 1649 otiosam
1163 1586 1194 1663 ι)

289 1676 316 1729 es
338 1671 474 1751 reliquit,
511 1670 595 1731 dum·
614 1672 705 1731 Aeto.
728 1672 757 1735 8.
781 1689 850 1731 eum
873 1670 1011 1733 Iohanne
1044 1689 1078 1730 se
1120 1672 1196 1730 uritti

287 1752 358 1814 siout
375 1755 505 1843 inferior
523 1772 633 1834 passus
655 1760 712 1833 eet,
736 1753 808 1813 dum
821 1754 972 1819 Aeta-10.
985 1753 1023 1815 ad
1045 1754 1196 1814 rationem

286 1835 465 1898 reddendam
502 1843 534 1897 nt
569 1839 644 1898 item
678 1836 806 1897 inferior
832 1837 903 1919 cogi
935 1850 969 1899 ee
996 1855 1106 1917 passus
1140 1843 1197 1915 est,

288 1916 350 1979 dum
378 1920 470 1983 Aeto.
494 1924 543 1985 15.
576 1921 758 1982 sententiam
793 1937 878 1981 suam
901 1920 1004 1983 laoobi
1033 1921 1196 1982 autoritate

287 2004 387 2065 mutari
408 2010 442 2067 et
463 2002 759 2085 confirmaripassus
781 2011 838 2084 est,
861 2003 912 2083 qui
928 2011 1032 2073 tamen
1045 2004 1196 2085 sanguine
1316 2062 1318 2067 .

285 2088 402 2166 proprio
428 2086 579 2148 debuerat
606 2088 766 2164 resistere,
801 2092 833 2148 et
866 2087 986 2148 eoelum
1014 2106 1052 2169 ao
1083 2094 1194 2149 terram

284 2170 378 2247 potius
400 2172 549 2248 miseere,
576 2188 667 2249 qnam
695 2170 757 2231 hoo
776 2170 948 2251 pessimum¹
967 2170 1142 2251 exemplum
1166 2177 1197 2231 et

284 2250 465 2315 haeretioum
486 2253 602 2316 iactum
627 2254 690 2313 suis
712 2252 942 2315 suecessoribus
963 2254 1146 2334 relinquere.

358 2335 421 2397 Sed
443 2342 476 2397 et
497 2336 608 2399 Paulus
630 2337 708 2397 misti
738 2356 772 2397 se
799 2356 817 2397 a
839 2336 1057 2399 Macedonibus
1086 2344 1118 2398 et
1138 2336 1195 2398 Oo-

283 2417 394 2480 rinthiis
416 2420 546 2501 patitur,
567 2438 624 2499 pro
641 2419 773 2480 'ferenda
794 2419 927 2482 oolleote
952 2422 1067 2481 sanetis
1099 2422 1131 2480 in
1153 2420 1197 2480 Ie-

283 2502 421 2582 msalem,
443 2503 617 2563 haeretious
630 2510 723 2582 eerte,
745 2511 885 2585 streete,
908 2504 979 2584 quia
1001 2505 1047 2564 ius
1061 2502 1197 2565 divinum

283 2591 400 2664 oportet
434 2586 514 2647 tueri
533 2604 604 2667 ‘per
635 2587 834 2667 sanguinem,
867 2588 958 2647 etiam
1001 2606 1068 2648 oum
1104 2588 1197 2648 totius

282 2668 382 2729 mundi
403 2669 537 2746 damno,
559 2670 638 2730 siout
669 2670 783 2749 potius,
811 2682 902 2749 quam
935 2670 1031 2732 velles
1055 2670 1197 2732 oooidsr'e

281 2752 487 2831 etmoeohari,
509 2752 613 2813 omnia
635 2751 688 2813 tibi
712 2754 1013 2834 essentamittenda3
1034 2761 1118 2816 reete
1139 2756 1198 2834 ipsi

280 2832 400 2915 iaoiunt,
423 2842 456 2896 ιιι
478 2851 547 2896 enm
560 2835 650 2896 Petro
672 2836 807 2917 pessime
830 2843 861 2897 et
880 2836 1036 2899 haeretice
1057 2838 1143 2917 faeie,
1166 2845 1197 2899 tu

280 2914 378 2980 dando
401 2917 599 2997 dilationem,
631 2918 683 2979 iiie
704 2918 847 2981 faciendo
870 2922 1055 2980 eontrarium
1077 2922 1133 2980 iuri
1156 2920 1197 2980 di-

280 3001 359 3078 sino,
382 3000 479 3063 verbo
495 3002 560 3063 'Dei
581 3007 614 3063 et
634 3000 808 3083 evangelio,
830 3001 913 3081 quod
935 3021 975 3062 ns
995 3010 1111 3081 punoto
1134 3004 1196 3082 qui-

280 3080 344 3144 dam
367 3083 443 3146 lieet
464 3085 685 3165 inteirumpere
707 3092 760 3145 aut
781 3082 912 3147 differre.

356 3168 392 3229 Si
414 3175 517 3229 autem
542 3168 628 3229 seius
659 3175 729 3229 tuus
762 3168 842 3230 adeo
876 3168 963 3231 ardet
998 3187 1054 3249 pro
1089 3186 1140 3231 me
1168 3175 1199 3230 et

279 3248 422 3333 Bobemis
444 3247 638 3330 erudiendis,
671 3250 766 3312 debes
794 3271 856 3314 non
896 3252 995 3313 solum
1028 3258 1080 3313 tua
1108 3252 1197 3314 uobis

276 3330 388 3415 disere,
414 3333 472 3395 ssd
493 3341 599 3396 nostra
620 3349 745 3415 quoque
766 3336 935 3397 ooniutare.
979 3336 1100 3398 Adhibe
1123 3356 1197 3419 ergo

277 3434 411 3495 manum,
433 3416 513 3479 dooe
533 3431 593 3479 nos
615 3418 797 3501 sapientiam
820 3425 914 3481 tuam.
1129 3424 1131 3430 '

356 3501 431 3563 hies
441 3502 614 3583 propositio
635 3500 674 3561 de
686 3502 819 3582 primatu
839 3522 940 3585 papae
962 3522 1025 3564 non
1048 3509 1096 3565 est
1119 3522 1198 3583 mea,

275 3583 328 3644 sed
351 3584 464 3645 Nioeni
498 3584 631 3665 eonoilii,
653 3583 736 3664 quod
757 3586 889 3647 Romani
922 3586 1084 3667 pontifices
1108 3606 1197 3647 evan-

274 3666 359 3747 gelio
383 3674 583 3749 eomparaut'3
613 3666 668 3729 tibi
700 3687 774 3749 ergo
806 3670 866 3730 ista
896 3670 1119 3749 eonsequentia
1152 3678 1199 3731 est

274 3749 486 3827 prohibendae
522 3750 672 3812 botherus
705 3757 753 3811 est
773 3752 946 3814 haereticus
967 3754 997 3813 in
1020 3754 1108 3814 huius
1131 3774 1198 3815 seu-

275 3834 372 3893 tentia
396 3834 627 3915 propositionis.
669 3834 753 3915 Ergo
775 3834 925 3897 Nioenum
956 3828 1127 3897 eonsilium
1154 3844 1201 3896 est

343 4005 382 4070 1)
404 4004 495 4062 ln'ed.
514 4005 598 4075 osia:
618 4003 717 4060 otiosa.
812 4000 814 4007 '

298 4108 882 4160 amoenabantur-saevom.
1001 4079 1020 4142 3
