3159 4792
449 530 484 584 ad
503 531 770 589 condemnationem
789 532 980 590 doctrinalem.
1122 533 1184 601 197

345 717 451 799 Atque
471 716 502 778 id
516 716 656 779 nimirum
679 727 735 800 est,
757 719 808 782 ubi
832 741 945 803 magno
968 719 1052 782 hiatu
1067 719 1186 784 ordien-

264 812 310 864 tes
342 802 506 882 epistolam
541 821 626 863 suam
659 802 739 864 tastu
769 803 839 884 plus
873 824 964 884 quarn
983 803 1186 886 Peripatetico

265 888 400 966 iactant,
434 903 504 946 sese
535 903 605 945 essa
641 887 723 947 viros
756 888 920 969 sexaginta
954 908 992 949 ex
1014 889 1187 950 fortissimis

263 969 379 1048 lsrael,
415 969 466 1048 qni
494 967 633 1029 ambiunt
659 969 803 1031 lectulum
827 971 1036 1050 Salomonis,·
1057 971 1204 1052 quorum'

265 1054 415 1133 oniasque
437 1051 557 1132 gladius
581 1069 672 1132 super
692 1053 790 1114 femur
811 1073 898 1114 suum
915 1062 1040 1137 propter
1062 1055 1187 1117 timores

264 1143 450 1212 nocturnos,
472 1134 511 1195 ad
534 1138 788 1218 qnospraecipue
809 1139 971 1218 pertineat,
993 1158 1048 1219 per
1069 1150 1219 1200 sacram&

264 1218 456 1300 Scriptorum
479 1215 570 1278 fldem
593 1220 687 1300 tueri,
717 1227 748 1280 et
770 1237 888 1282 errores
911 1223 1087 1303 exstirpare.
1131 1221 1188 1284 Po-

264 1307 352 1381 stea,
393 1301 444 1362 ubi
476 1302 561 1380 operi
580 1304 810 1384 'accinguntur,
845 1311 876 1365 et
907 1305 967 1366 iam
997 1311 1187 1386 spectatores

264 1384 346 1446 avidi
372 1385 630 1465 circumspiciunt,
653 1386 776 1447 ubinam
798 1386 901 1448 rutilet
922 1387 1041 1469 gladius
1062 1389 1188 1450 femoris

264 1468 436 1545 versatilis,
472 1474 525 1530 aut
554 1467 712 1550 Scriptura
738 1479 847 1531 sancta
876 1471 1029 1550 fulminet,
1062 1472 1221 1552 andiunts

263 1551 349 1613 aliud
370 1550 457 1630 nihil,
480 1569 570 1632 qnam
594 1551 719 1612 verbum
735 1553 796 1614 hoc
817 1555 934 1634 primae
947 1555 1187 1636 coniugationis:
1236 1589 1241 1598 ·

264 1635 466 1697 Damnamus‘
490 1634 714 1711 doctrinaliter,
749 1639 897 1717 crepitum
932 1637 1051 1698 scilicet
1083 1637 1187 1698 ficulni

263 1719 352 1783 idoli.
384 1718 426 1778 Et
446 1717 604 1798 impletum
627 1725 675 1780 est
694 1719 770 1780 illud
784 1719 960 1782 Salomonis
977 1720 1187 1801 proverbium:

267 1803 389 1864 Ventus
411 1807 443 1862 et
463 1800 577 1882 nubes,
610 1809 642 1862 et
667 1803 771 1884 pluvia
798 1823 862 1865 non
884 1823 1031 1884 sequens,
1053 1805 1099 1865 vir
1118 1823 1188 1885 pro·

264 1888 361 1946 missa
393 1903 456 1945 non
485 1885 653 1966 complens.
697 1885 856 1961 Quintam
881 1889 997 1962 morio,
1018 1889 1069 1968 qui
1090 1888 1188 1968 pneri-

263 1969 311 2029 les
344 1968 402 2029 has
427 1967 643 2065 Magistrorum
671 1971 804 2050 ineptias
829 1989 892 2032 non
923 1970 1044 2032 rideat?
1086 1969 1186 2032 Velim

265 2051 374 2112 doceri
397 2050 436 2112 ab
456 2050 504 2112 his
526 2051 679 2132 Maglone
701 2055 814 2114 nostris
835 2054 969 2130 eximiis,
1005 2074 1044 2115 an
1067 2054 1187 2136 gladius

263 2136 391 2198 femoris
425 2141 456 2194 ct
484 2133 641 2214 Scriptura
672 2143 781 2196 sancta
807 2136 936 2198 Lovanii
968 2144 1000 2198 et
1028 2136 1188 2215 Coloniae,
1294 2169 1300 2174 ·

265 2237 358 2280 verso
381 2235 480 2278 rerum
504 2217 621 2295 ordine,
645 2218 727 2279 idem
750 2221 820 2298 sint,
843 2220 925 2298 qnod
947 2219 1084 2299 verbum,
1106 2220 1189 2281 dam·

266 2321 387 2379 namus,
410 2308 441 2361 et
462 2300 657 2380 adverbium,
679 2302 910 2364 doctrinaliter?
1076 2353 1078 2360 .

352 2383 418 2445 Vos
452 2385 556 2464 itaque
586 2385 757 2466 compello,
795 2386 930 2468 Magistri
959 2385 1057 2448 nostri
1085 2385 1189 2446 eximii

264 2465 494 2553 lovanienses,
516 2466 738 2547 Colonienses',
774 2471 858 2550 agite
889 2467 973 2549 quod
1004 2467 1190 2549 promittitis,

263 2571 320 2632 per
341 2569 461 2611 sacram
485 2548 670 2630 Scriptorum
693 2553 821 2612 tuemini
843 2551 954 2631 iidem,
988 2571 1044 2634 per
1065 2551 1189 2614 femoris

265 2633 403 2716 gladium
431 2633 537 2714 pellite
569 2641 737 2696 nocturnos
758 2638 900 2715 timores,
934 2653 988 2697 cur
1014 2635 1189 2717 promittitis
1232 2683 1238 2696 ,

266 2717 349 2798 qnod
373 2735 436 2777 non
458 2716 615 2798 impletis?
645 2736 699 2779 cur
719 2720 841 2780 iactatis
863 2719 946 2800 qnod
969 2731 1031 2780 non
1052 2725 1191 2800 praesta-

266 2801 324 2861 tis?
368 2800 418 2860 An
452 2799 654 2882 distinguitis,
692 2808 724 2862 ut
750 2805 930 2883 promittere
965 2802 1004 2862 ad
1037 2801 1191 2884 publicam

266 2883 445 2944 schedulam
468 2883 745 2964 condemnationis,
767 2887 896 2965 implere
917 2884 956 2947 ad
978 2884 1123 2966 angulum
1146 2902 1191 2945 se-

267 2977 385 3028 cretum
408 2974 536 3028 coactae
558 2967 724 3030 Facultatis
746 2968 919 3048 pertineat?
957 2974 1050 3046 utque
1072 2974 1192 3029 noctur·

267 3069 326 3112 nos
349 3051 476 3111 timores
499 3051 746 3131 triumphabnndi
769 3051 891 3132 publice
912 3051 1102 3132 provocetis,
1124 3069 1192 3132 pro·

267 3133 388 3195 vocatis
403 3141 504 3195 autem
527 3141 560 3194 et
581 3134 816 3197 adventantibus
830 3133 1025 3195 tenebrosum
1047 3134 1192 3216 angulum

267 3217 457 3278 effoeminati
490 3220 613 3302 petatis.
656 3218 705 3278 An
733 3218 808 3279 illud
830 3217 948 3279 Horatii
976 3216 1065 3279 vobis
1093 3217 1192 3279 occini

287 3301 384 3364 lacet:
1140 3313 1142 3320 '

266 3318 285 3382 p
309 3382 377 3444 Noc
398 3385 443 3444 sic
463 3385 610 3464 incipias,
633 3392 666 3444 ut
687 3386 819 3464 scriptor
840 3384 982 3466 cyclicus
1006 3383 1100 3463 olim,¹
1125 3399 1128 3406 ’

308 3467 476 3528 Fortunam
498 3467 609 3528 Priami
632 3467 765 3529 cantabo
787 3473 819 3528 et
840 3468 944 3529 nobile
967 3467 1091 3528 bellum.

309 3549 393 3626 Quid
416 3551 492 3612 ieret
512 3550 562 3611 hic
583 3558 669 3612 tanto
693 3551 817 3632 dignum
841 3553 1010 3632 promissor
1030 3549 1135 3611 hiatui

267 3633 395 3695 Scilicet
416 3633 535 3694 fumum
547 3654 587 3696 ex
608 3635 738 3716 tulgore,
760 3653 823 3696 non
839 3653 877 3695 ex
898 3633 982 3694 fumo
997 3632 1079 3694 dare
1092 3633 1193 3694 lucem

268 3719 446 3799 cogitastis,
476 3724 507 3779 et
530 3719 664 3800 imagine
685 3716 776 3778 Monb
800 3719 898 3779 maior
919 3724 966 3778 est
985 3716 1193 3800 praesumptio

267 3808 392 3880 vestra,
421 3820 513 3881 quem
534 3799 697 3873 fortitudo,
735 3802 946 3881 concipientes
970 3801 1129 3878 ardorem,
1164 3806 1194 3860 et

269 3887 426 3967 parientes
449 3883 789 3966 stipulam,ut1dsaias
812 3884 894 3946 dicit.

325 3965 329 3969 ’
352 3967 416 4028 lam
442 3969 467 4029 si
490 3987 630 4049 quaeras,
653 3966 725 4048 quid
747 3968 787 4027 sit
801 3966 906 4029 ‘lectus
929 3964 1119 4044 Salomonis,
1141 3965 1193 4046 qui

267 4053 364 4116 fortes
391 4050 505 4133 lsrael,
539 4052 611 4134 quid
639 4051 734 4113 timor
766 4053 952 4131 nocturnus,
986 4047 1057 4130 qnid
1084 4045 1168 4112 isnin
