3159 4792
577 528 675 584 libror.
694 526 726 585 D.
745 528 780 585 ll.
795 527 916 585 botheri.
1145 527 1208 595 185

285 713 374 790 dum,
404 720 545 777 autorem
568 717 660 777 etiam
690 718 755 777 eius
784 719 893 779 merito
916 717 955 778 ad
976 719 1208 782 revocationem

284 796 438 878 publicam
462 799 720 880 compellendum.

366 880 403 943 In
418 900 545 961 quorum
561 884 696 945 omnium
712 884 806 944 robur
827 903 864 945 ac
886 883 978 945 fidele
998 886 1208 947 testimonium

284 964 364 1024 hanc
403 966 541 1026 nostram
575 968 757 1028 sententiam
792 986 848 1047 per
875 967 1034 1029 Notarium
1069 974 1208 1030 nostrum

286 1048 418 1108 iuratum
462 1049 601 1112 raedicto
625 1049 704 1111 libro
727 1051 864 1130 asscribi,
887 1057 918 1111 et
939 1051 1210 1132 sigillillacultatis

285 1138 411 1191 noemae
435 1068 712 1214 (pquemadmodum
735 1134 844 1195 athas
867 1141 989 1196 nostrae
1003 1135 1126 1218 literas)
1149 1138 1209 1198 ius-

285 1214 380 1274 simus
401 1217 594 1296 appensione
616 1218 808 1277 communiri.

367 1297 480 1358 Datum
503 1305 535 1359 ct
555 1305 657 1360 actum
678 1298 848 1379 Coloniae,
884 1319 966 1361 anno
995 1298 1103 1361 salutis
1126 1301 1209 1363 Chri·

286 1380 405 1441 stianae
427 1400 520 1467 supra
540 1381 738 1444 millesimum
760 1384 1061 1466 quingentesimum,
1089 1383 1210 1447 decimo

287 1482 381 1539 nono,
406 1464 577 1544 penultima
602 1465 651 1527 die
672 1468 787 1528 mensis
810 1467 953 1548 Augusti.

368 1546 428 1607 Per
456 1566 506 1610 me
527 1548 691 1611 Henricum
721 1548 760 1611 de
782 1550 880 1611 Vorta
910 1550 950 1611 de
972 1550 1122 1629 Colonia,
1148 1550 1210 1612 No·

285 1630 393 1690 tarium
413 1629 585 1711 publicum,

223 1712 226 1719 ’
368 1712 410 1774 Et
431 1714 598 1793 supradicti
618 1715 772 1796 generalis
804 1714 895 1776 studii
928 1715 1127 1777 coloniensis
1155 1716 1211 1777 Be

286 1794 401 1857 dellum
422 1797 562 1859 iuratum.

428 2038 664 2163 Responsio
694 2039 877 2137 Martini
906 2041 1088 2138 tutheri

284 2196 324 2256 ad
358 2194 522 2266 artienlm
573 2211 649 2273 quos
681 2194 827 2273 Magistri
859 2195 965 2256 Nostri
1006 2196 1215 2261 Lovenienses

285 2279 317 2338 et
339 2276 535 2339 colonienses
562 2294 601 2339 ex
623 2276 873 2339 Resolutionibns
901 2280 933 2339 at
953 2277 1215 2356 Propositionibus

285 2360 323 2421 de
344 2359 554 2439 indulgentiis,
578 2364 610 2421 et
633 2358 854 2425 assertionibus
868 2378 973 2422 aarum
987 2365 1216 2438 excerpserunt,

426 2448 463 2503 ae
483 2442 569 2504 velut
590 2442 766 2505 haereticos
787 2444 1012 2505 damnaverunt
1025 2441 1074 2524 *).

337 2593 621 2655 Ornatissimo
665 2594 750 2655 viro
793 2594 831 2653 D.
876 2592 1166 2675 christophoro

369 2676 526 2737 Blanco
542 2672 598 2759 ¹),
622 2678 641 2737 Ι.
666 2675 703 2737 U.
725 2675 972 2755 Licenciato,
994 2697 1061 2739 suo
1083 2678 1123 2737 in

566 2758 727 2821 Christo
750 2758 933 2821 Salutem.

369 2910 458 2971 Mitto
472 2909 529 2990 aa)
553 2910 593 2971 ad
617 2917 664 2988 te,
697 2912 744 2971 vir
771 2910 981 2989 ornatissime,
1015 2910 1213 2972 damnatores

286 2991 475 3055 doctrinales
498 2993 704 3055 Lutherianee
726 2992 894 3071 doetrinae,
916 2992 1212 3072 nemchovanien·

286 3096 335 3138 ses
383 3076 651 3156 Coloniensesque
705 3076 890 3156 theologos,
934 3095 1063 3156 quorum
1096 3075 1212 3136 infelici

286 3159 389 3221 studio
423 3160 448 3219 si
481 3159 589 3221 dixero
620 3178 670 3220 me
697 3178 761 3221 non
795 3159 929 3236 moveri,
964 3178 1076 3239 magno
1109 3177 1210 3218 meam

286 3243 509 3305 conscientiam
531 3243 695 3307 confecero
718 3241 889 3303 mendacio.
932 3242 1011 3303 Nam
1038 3262 1096 3320 ea,
1132 3260 1211 3320 quae

285 3328 316 3386 in
344 3323 549 3387 Reuchlinum
582 3327 796 3409 cogitaverunt
817 3324 897 3385 duae
918 3325 1046 3387 eaedem
1067 3344 1142 3406 prae
1164 3342 1211 3386 ce·

286 3410 359 3471 teria
389 3408 633 3488 Universitates,
667 3409 751 3470 casui
779 3418 831 3469 aut
861 3409 1024 3488 temporali
1053 3408 1211 3471 hominum

286 3491 410 3553 cuidam
433 3491 496 3553 fato
519 3489 609 3571 dedi,
642 3490 755 3553 autad
785 3510 937 3551 summum
965 3492 1118 3552 humanae
1140 3509 1213 3550 con·

286 3575 407 3654 ditioni,
429 3593 490 3654 qua
512 3593 641 3635 neccsse
664 3580 721 3654 eat,
743 3580 776 3634 ut
786 3574 951 3654 proverbio
976 3574 1093 3655 dicitur,
1116 3571 1212 3658 semel

341 3754 373 3819 ⁸)
391 3751 467 3804 Hace
490 3752 635 3819 inscriptio
667 3750 745 3804 deest
772 3751 801 3801 in
828 3749 891 3803 edit.
920 3752 1021 3819 origin.
1068 3746 1118 3817 ⁴³⁸)
1139 3748 1212 3801 Nota

287 3824 351 3878 adit.
370 3824 445 3878 len:
466 3823 600 3877 Lutherus
621 3822 656 3876 ad
676 3821 862 3890 spalatinum:
883 3820 960 3875 Mitto
979 3822 1165 3874 Lovanienscs
1185 3824 1213 3872 et

288 3894 471 3950 Golo'nienses
503 3897 614 3960 asinos,
641 3893 741 3963 quibus
777 3895 834 3945 iam
863 3893 1020 3963 respondeo
1052 3907 1101 3961 per
1129 3896 1212 3962 typos

287 3969 356 4022 laria
374 3968 401 4023 2.
420 3972 485 4037 post
503 3966 626 4021 Laetare.
664 3962 759 4018 Anno.
778 3964 838 4017 XX.

359 4039 392 4105 1)
413 4038 443 4092 ln
463 4037 506 4093 ed.
525 4040 601 4093 lena
621 4036 735 4091 Franco.
