3159 4792
539 496 638 547 conns
655 509 765 548 errores
783 496 819 549 lt.
836 495 918 549 Loth.
1134 491 1198 559 293

313 686 364 740 tes
393 696 477 757 sque
497 684 655 758 carentes,
691 679 825 741 nebulae
843 679 891 757 ¹),
919 698 999 759 qnae
1020 700 1042 739 a
1060 679 1199 760 procella

314 762 471 837 feruntur,
501 762 611 841 quibus
639 762 741 843 caligo
762 762 957 825 tenebrarum
985 765 1015 823 in
1039 772 1198 825 aeternum

313 852 443 906 servata
463 852 521 907 est.
562 846 668 925 ltaque
690 846 767 905 nihil
787 848 872 929 agis,
904 846 984 921 leo,
1007 846 1056 907 vel
1077 847 1121 905 sic
1143 844 1196 905 lin·

314 948 395 1009 gens
417 933 456 989 te.
498 927 570 989 Non
592 930 675 989 euim
692 929 939 1009 derelinquemus
960 930 1076 989 fontem
1099 948 1199 1007 aquae

315 1013 424 1088 vivae,
455 1011 637 1088 Dominum,
673 1020 705 1072 et
734 1012 887 1075 fodiemus
921 1012 1011 1073 nobis
1038 1013 1198 1090 cisternas,

316 1112 399 1173 qnae
420 1112 483 1155 non
506 1093 654 1155 valebunt
672 1114 784 1175 aquam
808 1098 977 1177 continere.

358 1176 535 1237 Inhibentes
549 1178 799 1259 nibilominuss)
830 1179 930 1241 eidem
952 1178 1084 1239 Martino
1100 1176 1132 1255 ²)
1159 1197 1199 1238 ex

274 1278 369 1338 nnnc,
391 1267 424 1319 ut
439 1261 559 1321 interim
574 1260 614 1321 ab
634 1263 719 1323 omni
740 1263 981 1341 praedicatione,
1003 1279 1059 1321 seu
1080 1260 1197 1339 praedi-

274 1343 407 1403 cationis
441 1341 543 1403 officio
580 1345 706 1404 omnino
743 1344 881 1407 desistat.
935 1344 1081 1422 Alioquin
1099 1345 1131 1409 b)
1166 1349 1200 1403 ut

274 1428 376 1506 ipsum
408 1424 636 1506 Matrinum),
675 1428 701 1486 si
734 1428 815 1489 forte
846 1428 981 1488 iustitiae
1018 1435 1049 1485 et
1080 1426 1199 1485 virtutis

275 1527 365 1569 amor
378 1506 413 1589 ⁴)
446 1528 466 1568 a
485 1515 625 1588 peccato
647 1528 711 1571 non
743 1511 895 1589 retrahat,
926 1509 1200 1589 indulgentiaeque

275 1612 348 1673 spes
383 1590 422 1650 ad
456 1592 681 1671 poenitentiam
711 1613 774 1654 non
810 1593 946 1666 reducat,
981 1610 1150 1672 poenarum
1164 1595 1196 1668 θ)

275 1682 375 1735 terror
397 1680 540 1738 coerceat
560 1673 751 1753 disciplinae,
773 1676 904 1737 eundem
929 1675 1099 1749 Martinam,
1122 1675 1199 1733 eius·

275 1776 336 1837 que
358 1756 562 1817 adhaerentes
575 1754 609 1830 d)
634 1758 813 1839 complices,
834 1760 971 1819 fautores
984 1762 1016 1835 s)
1042 1765 1074 1817 et
1093 1770 1199 1836 recep-

276 1847 393 1901 tatores
415 1849 523 1900 tenore
542 1843 750 1919 praesentium
771 1844 964 1921 requirimus,
986 1848 1018 1901 et
1038 1857 1200 1901 monemus

275 1925 307 1983 in
344 1924 453 1983 virtute
484 1930 610 1983 sanctae
639 1923 852 2003 obedientiae,
892 1932 924 1987 et
944 1923 1001 1984 sub
1035 1921 1200 2001 praedictis

277 2007 420 2069 omnibus
442 2013 475 2067 et
494 2004 622 2086 singulis
643 2009 770 2085 poeuis,
797 2028 836 2069 eo
858 2011 927 2088 ipsc
948 2004 1139 2067 incurrendis
1154 2004 1202 2083 ⁶),

277 2089 415 2162 districte
439 2089 658 2169 praecipiendo
681 2090 861 2151 mandamus
875 2091 922 2168 f),
951 2096 1101 2169 quatenus
1122 2088 1201 2147 inira

276 2173 441 2253 sexaginta
477 2170 543 2231 dies
562 2185 581 2235 g
583 2184 618 2249 t,
668 2192 798 2252 quorum
841 2174 948 2253 viginti
996 2191 1051 2251 pro
1091 2171 1200 2249 primo,

277 2256 386 2336 viginti
431 2273 487 2335 pro
528 2254 682 2334 secundo,
732 2263 763 2316 et
805 2256 941 2335 reliquos
987 2254 1094 2335 viginti
1134 2252 1200 2312 dies

276 2357 334 2428 pro
373 2339 462 2399 tertio
503 2343 535 2396 et
573 2340 782 2419 peremptorio
822 2340 952 2401 termino
998 2338 1201 2416 assignemus,

278 2422 317 2482 ab
347 2420 495 2481 affixione
515 2424 723 2499 praesentium
745 2424 776 2481 iu
799 2421 876 2483 locis
896 2421 974 2481 infra
995 2420 1125 2499 scriptis,
1147 2419 1201 2477 im-

251 2502 413 2577 ·,mediate
434 2510 599 2582 sequentes
621 2504 840 2582 numerandos,
860 2503 1097 2585 ipsellsrtinus,
1120 2520 1202 2561 com-

212 2589 219 2595 ’
279 2587 396 2667 plices,
416 2587 570 2663 fautores,
593 2586 808 2665 adhaerentes,
831 2596 863 2670 et.
883 2594 1092 2667 receptatores
1114 2604 1203 2665 prse-

279 2670 353 2731 dicti
375 2689 395 2730 a
423 2668 569 2749 praelatis
591 2671 744 2733 erroribus
772 2690 941 2749 eorumque
972 2668 1203 2749 praedicatione

278 2772 316 2813 sc
338 2752 548 2833 publicatione
568 2759 603 2812 et
622 2755 805 2828 assertione,
829 2753 1009 2815 detensione
1027 2770 1150 2831 quoque
1173 2758 1204 2809 et

279 2836 426 2897 librorum
449 2854 505 2895 seu
528 2835 745 2916 scripturarum
769 2836 919 2913 editione,
952 2854 1044 2913 super
1075 2830 1202 2907 eisdem,

278 2920 346 2979 sive
367 2937 474 2979 eorum
496 2916 616 2996 aliquo,
646 2921 773 2980 omnino
797 2920 959 2980 desistent:
988 2916 1144 2992 librosque
1165 2932 1204 2973 ac

279 3004 445 3082 scripturas
468 3020 577 3061 omnes
599 3010 630 3062 et
646 3003 795 3083 singulas,
816 3002 972 3083 praefatos
995 3017 1126 3072 errores,
1148 3014 1202 3055 seu

279 3104 387 3146 eorum
421 3084 542 3163 aliquos
575 3086 810 3164 quomodolibet
830 3086 1042 3158 continentes,
1079 3076 1202 3139 combu-

278 3165 402 3242 rsnth),
414 3166 463 3227 vel
476 3166 615 3228 comburi
628 3168 751 3229 faciant.
774 3170 844 3249 lpse
858 3169 949 3227 etism
962 3164 1111 3226 Martinus
1122 3179 1203 3221 erro·

279 3271 326 3312 res
344 3257 376 3310 et
389 3251 576 3311 assertiones
591 3250 766 3313 huiusmodi
782 3252 909 3313 omnino
922 3244 1096 3328 revoceti),
1114 3262 1151 3305 sc
1165 3242 1202 3317 k)

279 3333 317 3393 de
346 3334 547 3393 revocatione
575 3334 749 3396 huiusmodi
786 3354 842 3415 per
873 3332 998 3415 publica
1020 3329 1205 3390 documenta

277 3418 310 3476 in
329 3415 433 3487 forma
452 3413 563 3488 iuriel)
588 3416 707 3492 valida,
739 3417 932 3477 inmanibus
965 3413 1093 3474 duorum
1116 3411 1205 3469 Prac-

278 3498 412 3559 latorum
434 3500 626 3578 consignata,
649 3500 688 3560 sd
711 3520 768 3561 nos
782 3500 861 3560 infra
880 3498 959 3559 alios
981 3494 1095 3555 similes
1118 3510 1205 3552 sexa·

278 3583 365 3665 ginta
387 3580 453 3641 dies
474 3580 787 3660 transmittendam),
819 3582 868 3641 vel
892 3601 945 3660 per
972 3581 1138 3659 ipsummet
1162 3573 1205 3650 (si

350 3791 384 3852 1]
402 3751 442 3843 'ln-
455 3792 498 3845 ed.
514 3792 591 3846 dem:
621 3807 674 3844 nae
693 3790 795 3844 bullae.
849 3790 883 3854 2)
904 3788 1007 3843 Ibidem
1033 3788 1078 3839 hic
1097 3792 1125 3839 et
1144 3784 1207 3836 reli-

279 3862 340 3917 buis
365 3864 437 3917 locis
466 3864 569 3934 legitur
593 3864 747 3917 Luthero
774 3878 824 3929 pro
852 3864 1004 3913 Martius
1024 3864 1074 3911 etc.
1121 3855 1154 3921 3)
1177 3856 1207 3907 ln
1319 3852 1327 3867 '

279 3934 320 3986 ed.
340 3935 471 3989 nuncu:
507 3934 643 4005 Alioquin
672 3937 701 3986 in
719 3936 812 4000 ipsum
832 3934 988 3985 bantinum.
1045 3928 1078 3990 4)
1099 3927 1132 3981 ln
1162 3934 1206 3979 ed.

280 4009 364 4077 nuga
387 4022 495 4061 umore.
534 4009 568 4072 5)
590 4006 705 4061 Ibidem:
725 4005 901 4060 incurrendo.
