3159 4792
374 485 438 555 232
656 491 848 546 mactatus
868 493 976 548 botheri
1047 449 1089 488 'N
1202 444 1206 459 ι

373 697 478 741 coram
499 679 567 742 Deo
588 699 755 762 apparere,
782 699 841 762 pro
863 680 931 742 aliis
953 697 1059 760 orare,
1093 687 1124 742 et
1145 699 1203 744 nos
1224 681 1301 742 invi·
1400 685 1401 750 l

374 783 441 824 cem
464 783 511 837 ea,
554 783 613 825 uae
635 763 693 824 Dei
714 773 801 838 eunt,
826 763 947 826 dooere.
990 765 1076 826 llaec
1097 765 1177 826 euim
1202 783 1301 826 secer·

372 846 479 908 dotum
508 866 528 907 o
562 847 612 907 cia
638 854 723 923 suut,
755 867 836 926 quae
868 867 992 929 prorsus
1027 847 1101 908 nulli
1140 847 1300 908 incredulo

376 929 506 991 concedi
528 937 668 1010 possunt.
710 929 802 1006 ital)
827 931 963 992 Christus
985 931 1074 992 nobis
1097 930 1248 1008 obtinuit,
1276 932 1301 991 si

372 1014 405 1073 in
435 1031 504 1074 eum
528 1012 696 1090 credimus,
731 1021 765 1074 ut
786 1017 865 1076 siout
887 1015 1070 1093 confratres,
1108 1013 1300 1076 cohaeredes

373 1104 406 1156 et
433 1115 595 1177 correges,
622 1098 717 1157 itaet
739 1097 978 1159 consacerdotes
1001 1100 1028 1158 ei
1050 1099 1164 1173 simus,
1186 1097 1301 1157 euden-

373 1185 420 1240 tes
443 1197 510 1239 cum
533 1179 653 1256 flducia,
676 1182 879 1260 perspiritum
894 1180 975 1259 fidei,
997 1201 1101 1242 coram
1121 1180 1188 1240 Deo
1209 1179 1301 1261 prod-

373 1263 434 1340 ire,
469 1271 501 1323 et
523 1262 672 1323 clamare:
708 1263 801 1325 Abba
822 1269 922 1344 pater,
956 1270 987 1324 et
1019 1264 1097 1326 alter
1118 1283 1173 1344 pro
1198 1263 1297 1324 altero

375 1363 466 1406 orare
502 1353 534 1406 et
555 1347 659 1406 omnia
692 1346 811 1422 fecere,
849 1366 928 1427 quae
951 1347 1089 1408 videmus
1132 1345 1245 1406 visibili
1273 1355 1303 1406 et

375 1429 531 1509 corporali
570 1427 673 1489 officio
709 1429 902 1492 sacerdotum
932 1432 998 1512 geri
1026 1439 1057 1490 et
1078 1428 1218 1510 figurari,
1251 1430 1301 1508 qui

375 1531 449 1572 vero
474 1531 536 1572 non
559 1511 732 1587 crediderit,
754 1513 825 1572 hnic
847 1513 921 1573 nihil
943 1514 1038 1575 servit
1058 1521 1111 1573 ent
1131 1514 1161 1572 iu
1184 1511 1300 1572 bonum

374 1601 580 1674 cooperatur,
601 1593 656 1654 sed
679 1597 815 1657 omnium
838 1597 905 1675 ipse
927 1615 1033 1657 servus
1056 1602 1120 1669 eet,
1143 1603 1174 1654 et
1196 1597 1303 1655 omnia

375 1678 402 1737 ei
425 1677 539 1738 cedunt
559 1678 591 1737 in
615 1677 749 1758 malum,
777 1681 850 1757 quia
873 1679 1014 1740 omnibus
1037 1679 1132 1758 impie
1154 1679 1250 1738 utitur·
1271 1679 1300 1737 in

375 1779 432 1820 sua
454 1760 629 1838 commoda,
650 1779 715 1821 non
735 1763 767 1821 in
786 1763 843 1822 Dei
870 1763 1008 1844 gloriam.
1053 1763 1098 1822 lta
1119 1779 1178 1822 nec
1201 1779 1300 1822 sacer-

374 1842 432 1903 dos
454 1849 511 1919 est,
533 1842 588 1903 sed
612 1843 769 1923 profanus,
791 1846 877 1905 cuius
899 1845 997 1906 oratio
1019 1843 1054 1904 lit
1074 1846 1104 1904 in
1128 1852 1301 1924 peccatum,

371 1943 432 1986 neo
453 1943 556 1986 corum
581 1926 647 1986 Deo
669 1945 802 2007 unquam
825 1935 970 2008 apparet,
992 1928 1063 2007 quia
1084 1927 1167 1986 Deus
1193 1946 1300 2006 pecca

373 2014 456 2068 tores
479 2025 541 2068 non
565 2007 699 2068 excudit.

457 2089 532 2165 Quis
564 2109 640 2170 ergo
672 2092 934 2172 comprehendere
969 2099 1073 2172 potest
1107 2092 1299 2153 altitudinem

373 2173 531 2254 dignitatis
554 2173 761 2251 Christianae,
795 2193 874 2254 quae
895 2195 950 2255 per
978 2176 1113 2256 regalem
1136 2195 1221 2235 suam
1246 2193 1298 2256 po·

374 2257 499 2317 tentiam
524 2257 660 2317 omnium
684 2258 873 2335 dominatur,
904 2259 1026 2336 mortis,
1058 2260 1157 2336 vitae,
1179 2260 1298 2338 peccati

376 2347 454 2417 etc.;
487 2359 542 2420 per
577 2340 799 2401 sacerdotalem
837 2361 911 2402 vero
934 2340 1063 2422 gloriam
1093 2340 1174 2421 apud
1197 2342 1298 2424 Deum

377 2423 481 2484 omnia
503 2429 624 2501 potest,
656 2425 728 2502 quia
749 2424 833 2484 Deus
854 2425 943 2499 facit,
978 2443 1057 2503 quae
1079 2425 1145 2504 ipse
1168 2426 1247 2504 petit
1269 2430 1299 2484 et

374 2513 476 2584 optat,
505 2506 584 2565 sicut
605 2506 749 2586 scriptum
773 2508 881 2588 catil:
904 2507 1102 2568 Voluntatem
1126 2507 1298 2568 timentium

375 2607 409 2646 se
431 2588 538 2664 faciet,
556 2595 587 2648 et
608 2589 857 2668 deprecationem
881 2607 986 2651 eorum
1005 2589 1164 2668 exaudiet,
1188 2596 1219 2650 et
1241 2589 1299 2649 sel-

375 2688 431 2729 vos
452 2670 546 2729 faciet
565 2669 659 2730 illos?
682 2671 731 2733 Ad
753 2671 835 2734 hanc
855 2673 985 2751 gloriam
1008 2679 1090 2733 certe
1113 2672 1203 2734 nullis
1227 2691 1299 2751 ope·

373 2751 466 2825 ribus,
489 2752 542 2812 sed
566 2753 634 2813 sola
655 2752 715 2814 lide
737 2757 886 2834 pervenit.

457 2835 505 2895 Ex
525 2836 563 2895 iis
586 2835 669 2897 clare
691 2838 796 2898 videre
828 2843 933 2919 potest
962 2837 1103 2917 quilibet,
1141 2838 1299 2918 quomodo

373 2917 565 2978 Christianus
598 2919 692 2980 homo
727 2920 805 2982 liber
836 2928 884 2982 est
917 2921 955 2980 ab
984 2921 1125 2981 omnibus
1154 2928 1185 2981 et
1206 2941 1301 3000 super

374 3002 496 3075 omnia,
529 3004 573 3062 ita
594 3010 628 3064 ut
648 3002 742 3064 nullia
766 3003 910 3084 operibus
932 3003 970 3064 ad
993 3003 1056 3065 hoc
1076 3003 1229 3084 indigeat,
1268 3010 1301 3065 ut

374 3086 470 3144 iustam
492 3090 524 3144 et
545 3085 647 3144 salvus
671 3087 726 3162 sit,
748 3087 804 3147 sed
826 3088 893 3148 sola
915 3085 993 3148 tides
1014 3087 1092 3148 haec
1114 3087 1219 3148 omnia
1241 3087 1298 3147 lar-

373 3168 454 3247 gitur
474 3166 605 3227 abunde.
649 3166 739 3242 Quod
762 3172 787 3230 si
810 3171 856 3231 sic
877 3169 1047 3250 desiperet,
1069 3177 1103 3230 ut
1124 3189 1179 3250 per
1200 3169 1296 3230 ullum

377 3269 455 3329 opus
479 3249 593 3310 bonum
612 3261 821 3331 praesumeret
841 3252 949 3328 iustus,
970 3252 1056 3331 liber,
1079 3253 1192 3329 salvus,
1215 3252 1300 3314 chri-

374 3333 489 3392 stianus
512 3332 594 3409 fieri,
626 3336 729 3395 statim
763 3337 916 3396 amitteret
949 3334 1040 3396 iidem
1064 3355 1131 3396 oum
1156 3335 1299 3397 omnibus

376 3414 476 3476 bonis.
520 3414 607 3490 Quae
630 3417 759 3478 stultitia
779 3419 906 3499 pulchre
920 3417 1050 3500 figurata
1074 3421 1171 3479 estin
1195 3418 1301 3504 fabula

373 3498 435 3576 illa,
457 3498 508 3559 ubi
532 3500 669 3558 canisio
692 3520 773 3579 aqua
793 3515 926 3580 currens,
948 3509 979 3562 et
1001 3520 1123 3562 caruem
1147 3519 1252 3562 veram
1267 3503 1298 3562 in

375 3601 429 3642 ore
452 3588 593 3662 gestans,
616 3581 763 3662 deceptus
786 3583 894 3645 umbra
914 3586 1014 3645 carnis
1036 3587 1067 3645 ib
1091 3603 1171 3664 aqua
1193 3590 1299 3665 paten-

373 3663 456 3741 tis2),
479 3663 550 3724 dum
569 3664 698 3725 eandem
722 3674 830 3746 aperto
852 3669 929 3728 rictu
941 3669 1027 3748 petit,
1049 3687 1152 3728 veram
1176 3682 1299 3728 carnem

372 3747 461 3806 simul
484 3765 552 3807 cum
575 3748 709 3827 imagine
731 3750 841 3829 perdit.

373 3888 377 3891 .
386 3881 582 3893 .-.--.4--——

446 3937 473 3998 1)
494 3935 523 3988 lu
542 3936 585 3989 ed.
604 3937 678 3993 den:
699 3939 762 3992 leta.
800 3940 831 3999 2)
855 3939 973 3993 ibidem:
995 3941 1126 4004 percutis.

445 4007 476 4073 ⁶)
496 4006 569 4061 Psal.
592 4010 653 4066 145.

1360 1195 1371 1230 l
