3159 4792
552 498 651 549 contro
668 493 834 549 Antinoum
853 494 889 549 do
905 495 978 564 loge.
1165 492 1229 559 430

305 678 337 739 io
349 678 485 740 eeolesio
495 680 674 761 permixtus,
697 679 799 741 edhue
816 685 899 742 totus
921 685 970 741 ost
990 687 1145 759 mortuus,
1163 681 1227 742 imo

305 762 381 822 nihil
402 769 450 823 est
471 764 607 827 omnino.
902 816 905 819 ,
987 796 1001 814 .·
1242 828 1247 833 ,

369 846 426 913 Cir·
446 845 487 907 Et
512 852 583 907 sunt
613 845 667 908 illi.
690 846 870 926 simplieiter
899 846 963 908 sub.
991 846 1077 927 lege,
1114 851 1146 907 st
1174 864 1229 906 sos

306 933 433 1009 oportet
452 929 533 1010 lege,
556 930 678 992 etiamsi
699 929 765 990 fieri
787 936 905 1011 posset,
927 929 1054 991 hrimine
1075 928 1230 1011 corporali

306 1012 423 1075 terreri.
833 1009 836 1013 ’

364 1095 414 1160 40.
442 1093 600 1170 Quatenus
631 1095 768 1157 Christus
797 1097 830 1155 in
859 1095 948 1157 nohis
981 1101 1031 1156 est
1056 1094 1230 1173 suseitotus,

309 1183 437 1240 soterum
460 1198 563 1239 sumus
587 1180 653 1240 sine
675 1179 755 1261 lego,
777 1184 907 1259 peoooto
930 1184 961 1239 et
982 1185 1094 1241 morte.
1154 1230 1158 1235 ,

369 1262 421 1340 41.
448 1260 607 1337 Quatenus
638 1281 712 1324 vero
741 1261 878 1323 nondum
908 1268 956 1322 est
976 1263 1007 1322 in
1027 1262 1118 1325 nohis
1138 1262 1231 1322 susei-

308 1350 399 1421 totus,
421 1352 549 1406 eotenus
572 1364 676 1406 sumus
698 1344 754 1407 sub
777 1346 856 1427 iege,
877 1350 1007 1426 peoeeto
1032 1351 1063 1407 et
1085 1351 1194 1407 morte.

369 1430 417 1491 42.
449 1428 550 1503 Quare
572 1429 624 1490 lex
645 1430 824 1509 promiscue
845 1428 989 1489 dooende
1012 1435 1061 1489 est
1083 1427 1182 1511 (siout
1201 1435 1232 1489 et

308 1512 521 1593 evangelium)
547 1518 609 1573 tom
631 1513 690 1593 piis
712 1531 804 1592 quom
824 1513 937 1591 impiis.

369 1597 419 1660 43.
448 1595 562 1677 Impiis,
586 1601 619 1656 ut
639 1596 735 1656 territi
756 1601 931 1677 ugnosoent
953 1613 1042 1655 suum
1060 1599 1232 1675 peoeotum,

308 1684 440 1823 inertem
461 1685 493 1741 st
513 1678 721 1741 inevitobilem
742 1681 818 1739 irem
840 1679 915 1762 Dei,
944 1698 1001 1759 per
1021 1697 1114 1758 quem
1135 1676 1232 1737 humi-

320 1763 428 1823 ientur.

306 1878 329 1909 l
369 1846 419 1908 44.
451 1846 530 1925 Piis,
560 1851 594 1906 ut
623 1844 849 1907 admoneantur
875 1863 999 1905 earnem
1029 1864 1116 1905 suern
1138 1843 1232 1904 oruoi-

237 1970 242 1979 -
308 1928 419 2074 ἕξετε,
436 1958 443 1973 .
458 1948 526 1991 oum
567 1930 825 2009 oonoupisoentiis
859 1933 891 1990 et
921 1928 1020 2007 vitiis,
1061 1946 1101 1988 ne
1133 1927 1233 1988 seeuri

350 2019 393 2073 nt.

369 2097 419 2162 45.
436 2094 602 2157 'Securitas
623 2094 707 2155 enim
730 2094 812 2155 toltit
832 2091 925 2155 fidem
947 2099 979 2155 et
999 2094 1143 2155 timorem
1166 2093 1234 2172 Dei,

308 2179 442 2259 fuoitque
463 2178 633 2239 novissimo
654 2178 762 2258 peiora
784 2177 946 2257 prioribus.

371 2264 437 2327 46.»
456 2261 585 2323 Videtur
616 2263 691 2323 sotis
717 2267 846 2340 eperte,
883 2260 1070 2320 Antinomos
1106 2259 1235 2339 opinari,

308 2350 469 2428 pooootum
492 2354 563 2407 esse
582 2344 758 2407 formaliter
773 2350 805 2404 et
832 2342 1051 2424 philosophioe
1081 2351 1136 2402 seu
1166 2342 1235 2401 iuri-

311 2430 383 2493 diee
405 2429 559 2499 subletum
582 2448 638 2509 per
659 2427 840 2489 Christum.

373 2515 424 2576 47.
451 2512 492 2574 nt
514 2530 569 2573 eos
592 2531 718 2592 prorsus
740 2511 876 2590 nescire,
909 2510 1010 2571 solum
1041 2507 1236 2589 reputetione

312 2597 558 2677 otignosoeu-tie
579 2594 638 2657 Dei
659 2596 832 2656 miserentis
855 2613 924 2655 esse
946 2591 1112 2655 subletum.

374 2678 424 2744 48.
453 2678 594 2739 Relative
615 2680 713 2755 enim,
742 2696 804 2738 non
826 2677 1004 2738 formoliter·
1017 2683 1071 2737 out
1093 2675 1234 2737 substen-

310 2764 423 2825 tioiiter
456 2769 503 2823 est
525 2768 686 2842 peoootum
710 2760 881 2841 subletum,
902 2760 956 2819 lex
981 2759 1119 2838 abolito,
1153 2776 1236 2820 mors

313 2846 477 2911 destruens.
1119 2887 1124 2893 .

375 2932 424 2996 49.
445 2928 485 2989 Et
505 2929 566 2991 hoo
586 2933 683 2989 totum
705 2926 833 3007 propter
845 2924 1009 3001 Christum,
1030 2925 1062 2983 in
1086 2924 1146 2984 hoo
1158 2924 1236 3001 vito,

313 3013 415 3076 donee
436 3030 630 3073 susurramus
652 3012 684 3070 in
706 3011 803 3070 virum
825 3008 1010 3088 perfeetum,
1043 3007 1075 3066 in
1108 3006 1237 3086 plenitu-

317 3098 390 3159 dine
409 3096 519 3157 sentis
545 3094 666 3156 Christi.

377 3184 427 3247 50.
450 3178 579 3257 Scimus,
602 3176 706 3258 stipsi
724 3195 763 3235 ex
775 3174 866 3235 nohis
879 3172 1060 3251 didieerunt,
1085 3169 1237 3233 Christum

317 3280 387 3326 esse
405 3261 498 3325 nobis
520 3261 634 3321 iootum
657 3263 883 3321 estrumentum
905 3262 937 3317 et
958 3255 1144 3336 exemplum.

300 3338 307 3353 ⁹
378 3344 520 3413 51.·Non
543 3348 664 3422 nostro,
687 3342 782 3403 multo
805 3342 905 3401 minus
927 3337 1079 3419 ipsorum,
1101 3339 1157 3401 sed
1177 3338 1238 3400 Au·

316 3432 431 3513 gustini
453 3435 501 3491 est
523 3428 601 3489 haee
622 3427 829 3507 pulcherrime
851 3424 1008 3505 ongitotio.

329 3560 333 3569 ‚
380 3516 430 3579 52.
459 3510 527 3589 Qua
550 3510 626 3571 dioit
644 3510 797 3571 Christum
819 3525 880 3569 suo·
899 3506 1011 3588 simplo
1033 3504 1236 3584 oonoinerel)
1311 3528 1319 3534 ·

318 3604 425 3660 nostro
449 3593 554 3676 duplo,
575 3600 608 3654 et
628 3594 730 3654 fouere
752 3591 920 3672 portentum
942 3608 1109 3652 numerum.

381 3681 431 3747 53.
462 3678 524 3740 Sed
556 3696 657 3759 neque
688 3676 877 3757 Augustinus
910 3679 1016 3752 autor,
1048 3692 1151 3752 neque
1171 3689 1239 3751 nos,

391 3927 423 3995 1)
440 3924 519 3980 'Hoee
537 3924 633 3989 leutio,
662 3924 827 3989 concinere„
846 3922 962 3990 repetito
975 3923 1026 3975 -sst
1042 3934 1080 3973 ex
1097 3916 1141 3972 ed.
1158 3916 1240 3984 Jeo.3

319 4002 348 4055 in
367 3999 410 4057 sd.
428 3998 499 4057 1558
517 3998 632 4069 legitur:
652 3997 803 4059 continere.
