3159 4792
559 504 667 563 adeo
686 507 720 563 D.
738 507 818 563 utut
837 508 957 565 Lutheri.
1179 508 1222 574 41

290 690 393 768 rarhi,
427 709 521 771 quam
543 694 709 755 servientis
736 694 902 775 potesteh's
924 692 1128 774 perverbum
1150 712 1241 757 oon·¹

289 776 426 852 sh'tutee,
448 793 523 835 eura
543 775 687 852 sollicite,
709 776 806 837 Leoni
829 776 866 839 X.
889 775 939 837 vel
960 778 1063 858 potius
1086 777 1143 838 suh
1164 797 1222 840 no·
1333 846 1340 865 ,

289 859 371 918 mine
386 855 558 921 Leonis'X.
579 858 793 921 adulatoribus
805 859 987 938 furentibus,
1009 860 1222 941 appellatione

287 942 487 1021 interposite,
519 943 638 1004 resistit
668 962 772 1004 eoram
808 942 967 1021 omnibus,
1000 945 1079 1004 siout
1109 943 1221 1005 Peulus

289 1024 391 1101 Petro,
414 1023 486 1087 Gal.
507 1027 539 1089 2.

372 1107 478 1186 Atque
500 1109 616 1169 utinem
640 1109 786 1189 exemplo
808 1110 868 1169 isto
893 1107 1155 1170 Christianissimo
1177 1108 1221 1168 ite

287 1192 429 1251 teeerent
450 1191 563 1273 singuli
586 1192 738 1272 episeopi,
760 1191 872 1272 singuli
895 1190 1043 1269 Abbetes,
1066 1198 1220 1271 pastores,

287 1274 462 1354 principes,
500 1274 713 1355 magistratus,
745 1273 879 1353 denique
911 1274 1023 1355 singuli
1045 1272 1221 1353 Christiani,

287 1357 413 1436 quoties
435 1375 475 1416 ex
489 1355 574 1419 Urbe
595 1356 652 1419 sub
664 1358 791 1419 nomine
801 1375 904 1437 pepee
918 1358 1060 1419 viderent
1081 1362 1220 1418 monstre

286 1438 439 1536 adversus
461 1440 654 1521 evangelium
668 1439 781 1503 Christi
792 1439 926 1520 prodire.
949 1439 1123 1522 Evangelio
1138 1440 1220 1501 enim

286 1521 916 1683 tutttttttttttttttttt:
939 1522 1220 1686 {tittttittff

284 1687 404 1769 getium
416 1686 529 1749 Christi
541 1688 708 1768 quidquam
722 1689 857 1765 molitur,
878 1708 937 1750 nee
953 1690 1034 1750 Petri
1050 1707 1109 1751 nee
1120 1690 1219 1768 metri,

284 1772 367 1831 siout
389 1770 465 1831 dieit
484 1771 681 1845 Christus¹):
704 1771 764 1847 Qui
786 1779 872 1833 amet
893 1778 1011 1852 patrem
1035 1771 1103 1852 plus
1126 1789 1218 1850 quem

286 1872 354 1932 ne,
376 1872 442 1914 non
464 1861 513 1915 est
534 1872 585 1916 me
605 1855 726 1937 dignus.

370 1935 505 2011 Quando
528 1938 610 1998 enim
632 1958 715 2019 papa
736 1939 867 2018 petitur,
900 1940 934 1999 ut
956 1944 1063 2000 eontre
1091 1956 1126 1998 se
1147 1955 1217 2018 ege·

284 2027 335 2081 tur
356 2037 415 2101 pro
437 2020 608 2101 episeopo?
645 2020 758 2082 Nonne
786 2026 932 2101 tanqueur
961 2022 1101 2102 superior
1131 2039 1218 2100 pree·

283 2102 358 2164 feni
380 2102 449 2163 vult
469 2104 618 2184 episeopo
647 2104 678 2165 in
702 2103 867 2166 omnibus?
902 2123 956 2164 eur
984 2122 1060 2183 ergo
1093 2122 1154 2163 nou
1188 2109 1220 2163 et

286 2185 487 2267 evangelium
510 2186 660 2266 praeferri
681 2186 739 2247 sibi
762 2188 912 2268 patiatur,
942 2191 974 2247 et
994 2185 1164 2247 seeundum
1188 2184 1218 2245 id

284 2269 428 2346 iudieari,
451 2267 534 2349 apud
548 2287 763 2349 quemcunque
780 2269 904 2331 tandem
926 2269 1017 2331 fuerit
1037 2268 1219 2330 inventum?

285 2352 336 2413 An
361 2351 559 2432 evangelium
582 2351 694 2413 sedere
718 2353 813 2429 volet,
835 2359 869 2413 ut
889 2352 946 2413 sihi
969 2350 1219 2434 obtemperetur?

285 2434 391 2510 Absit,
414 2436 473 2495 nisi
494 2433 571 2495 velit
591 2454 655 2497 non
676 2436 757 2496 inter
778 2434 969 2497 Christianos
991 2442 1142 2516 pastores,
1162 2433 1218 2495 sed

283 2520 368 2578 inter
403 2536 545 2598 paganos
573 2524 723 2635 tymnnos
750 2518 875 2595 heberi,
912 2525 985 2580 tune
1026 2519 1108 2579 enim
1141 2516 1217 2577 illud

285 2600 410 2661 dinetur
429 2600 566 2680 apostoli
600 2603 635 2679 ):
658 2600 739 2676 Quid
761 2601 835 2661 mihi
858 2601 898 2661 de
919 2601 956 2661 iis
979 2602 1037 2681 qui·
1051 2600 1125 2663 foris
1147 2606 1219 2661 sunt

284 2682 447 2743 iudioerei
489 2682 603 2745 Nonne
637 2691 669 2745 et
702 2703 759 2745 vos
794 2684 833 2745 de
861 2686 898 2744 iis
933 2702 1012 2764 quae
1033 2685 1115 2745 intus
1147 2690 1218 2743 sunt

284 2766 452 2827 iudieetis?
773 2799 776 2802 -

371 2848 442 2909 Stat
476 2867 552 2929 ergo
581 2848 775 2910 Christianae
808 2852 892 2911 vitae
930 2849 1038 2931 regule
1070 2849 1156 2909 iuxta
1184 2847 1215 2909 S.

285 2931 412 2993 Petrum
425 2931 504 3009 ⁸⁸),
535 2937 569 2992 ut
596 2950 705 2993 omnes
730 2934 864 2995 invioem
886 2934 1075 2993 insinuemus
1097 2930 1215 2991 humili·

285 3018 395 3077 tatem.
428 3013 830 3075 Omnesdieensneminenr
853 3015 977 3095 exeipit,
999 3031 1058 3074 neo
1068 3012 1215 3074 humilem

286 3116 358 3158 esse
380 3096 504 3173 suffieit,
527 3096 581 3158 sed
604 3098 751 3158 insinuari
774 3104 805 3159 et
818 3098 939 3159 ostendi
953 3096 1045 3157 dehet
1066 3096 1097 3155 in
1120 3113 1216 3175 opere

286 3187 318 3240 et
354 3180 498 3241 veritate.
549 3178 610 3241 eeu
643 3188 675 3241 et
706 3180 739 3245 Β.
768 3180 937 3261 Gregorius
970 3177 1215 3259 praeeterissime

286 3263 361 3323 dieit
389 3264 420 3322 in
449 3261 600 3342 decretis,
635 3282 744 3324 omnes
771 3283 831 3325 nos
859 3282 928 3323 esse
950 3259 1110 3342 aequales,
1146 3261 1215 3323 sola

286 3346 380 3426 eulpa
407 3344 483 3405 feeit
510 3345 687 3423 inferiores,
724 3348 803 3407 siout
831 3355 863 3407 et
893 3346 972 3409 Psel.
997 3347 1055 3409 122
1074 3342 1105 3419 ²)
1142 3343 1214 3405 diei·

286 3437 350 3488 turz
394 3427 461 3488 illie
493 3428 640 3490 sederunt
673 3428 763 3491 sedes
797 3431 828 3491 iu
861 3428 984 3491 iudicio.
1028 3426 1130 3502 Quere
1162 3426 1213 3486 ubi

286 3510 381 3591 eulpa
401 3518 463 3587 est,
485 3510 528 3571 ibi
550 3512 611 3573 iem
633 3511 739 3573 iudioii
760 3512 848 3574 loeus
871 3519 934 3590 est,
956 3520 987 3572 et
1008 3510 1134 3572 inferior
1156 3516 1213 3586 est,

286 3594 339 3673 qui
358 3593 546 3654 earnhabet
566 3594 725 3672 omnibns,
762 3598 814 3675 qui
843 3615 905 3657 non
926 3594 1057 3665 {habent
1101 3590 1213 3653 Nonne

287 3683 320 3737 et
353 3677 418 3737 hoo
449 3676 618 3755 eliqueudo
640 3678 772 3739 Romani
801 3676 966 3760 pontifioes
995 3674 1210 3754 exhibuerunt,

360 3948 573 4018 ⁴)1·cor.o.
611 3949 827 4017 ”rurore

361 4025 393 4087 t)
412 4023 443 4075 tn
462 4021 506 4077 ed.
526 4024 596 4093 orig.
616 4022 706 4078 deest:
726 4021 862 4079 Christus.
900 4024 932 4092 2)
953 4019 1038 4077 Ibide
1057 4021 1138 4077 Peri:
