3159 4792
364 499 428 568 m
682 502 828 556 nemus
846 501 960 556 minos
1005 461 1020 480 ”
1094 461 1098 472 “

367 709 449 751 mum
471 709 560 752 snum
573 695 734 770 operatum
755 690 915 752 nonenim
938 688 1033 750 hemo
1050 687 1107 752 sibi
1132 687 1210 748 vivit
1231 687 1291 750 suli

365 776 551 855 inserpere
583 775 643 834 istu
666 773 789 834 mortali
817 771 857 833 sd
886 769 1074 852 operandum
1106 772 1137 830 in
1160 788 1219 848 eo,
1238 770 1292 830 ssd
1397 789 1398 800 ¹

366 864 400 918 et
420 856 562 918 omnibus
584 856 759 917 hominibus
781 857 812 916 in
834 861 925 936 terre,
946 856 1010 915 imo
1031 855 1133 916 solum
1156 853 1226 914 eliis
1249 855 1290 914 vi·

366 941 413 1001 vit
434 946 466 1000 et
486 958 550 1004 unu
572 938 639 1002 sibi.
681 940 716 999 ln
742 939 804 1000 hon
826 939 906 1000 euim
929 957 1041 1018 eorpus
1064 955 1151 998 suum
1174 937 1293 998 subiee

368 1030 431 1084 tum
448 1023 542 1101 feeit,
572 1040 634 1100 qun
655 1023 804 1084 sincerius
827 1029 858 1082 et
879 1021 1004 1082 liberius
1026 1028 1120 1102 queat
1141 1019 1210 1080 eliis
1233 1038 1293 1080 ser·

366 1107 440 1178 vire,
462 1107 543 1167 sicut
556 1105 770 1168 Psulusllom.
786 1107 835 1168 14.
858 1103 947 1164 dieit:
969 1103 1069 1166 Nemo
1092 1103 1151 1163 sibi
1171 1103 1294 1164 visitet

369 1207 461 1248 nemo
474 1187 530 1248 sibi
553 1190 689 1267 moritur,
711 1189 765 1269 qui
784 1189 866 1248 enim
883 1188 966 1264 vivit,
988 1187 1123 1248 Domino
1144 1187 1240 1263 vivit,
1263 1191 1294 1246 et

367 1272 418 1350 qni
439 1273 576 1350 meritur,
598 1272 733 1333 Domino
751 1273 886 1334 meritur.
910 1270 984 1332 Ideo
1006 1289 1070 1332 nou
1092 1276 1198 1350 potest
1217 1268 1294 1348 fieri,

368 1360 402 1414 ut
421 1356 462 1414 sit
482 1356 600 1415 otiosus
621 1355 652 1414 in
674 1355 734 1416 hse
755 1356 819 1416 vits
838 1362 869 1416 et
889 1352 1007 1434 ubsque
1021 1371 1114 1434 opere
1134 1369 1208 1433 erge
1226 1371 1294 1432 prn-

367 1438 575 1506 ximossuos.
597 1437 734 1499 Necesse
753 1445 803 1498 est
825 1437 916 1513 enim,
939 1445 972 1496 ut
993 1437 1146 1516 loquetur,
1168 1443 1244 1516 eget
1265 1441 1296 1496 et

365 1528 564 1582 conversetur
584 1540 651 1580 eum
681 1521 872 1598 hominibus,
897 1521 977 1580 sieut
997 1519 1135 1581 Christus
1146 1517 1179 1600 *)
1201 1520 1234 1579 in
1257 1521 1294 1578 si-

365 1604 567 1666 militudinem
589 1604 720 1677 laetum)
745 1604 850 1665 habitu
864 1607 1006 1664 inventus
1021 1609 1068 1664 est
1090 1602 1241 1682 uth0m0‚
1265 1608 1296 1662 et

366 1695 566 1752 conversatus
589 1705 657 1748 enm
681 1688 867 1765 hominibus,
890 1693 923 1746 ut
942 1685 1062 1746 Bnrueb
1085 1688 1113 1751 3.
1137 1685 1221 1746 dieis.

451 1770 544 1831 Nullo
568 1778 670 1833 temen
703 1769 812 1832 horum
843 1789 921 1850 opus
954 1771 983 1829 ei
1007 1777 1066 1850 *est
1088 1768 1126 1830 ed
1148 1769 1295 1828 iustitiam

368 1861 400 1914 et
422 1853 563 1930 sulutem,
586 1853 657 1914 ideo
679 1855 711 1914 iu
733 1853 875 1914 omuibus
898 1852 1043 1934 operibus
1065 1853 1129 1912 suis
1151 1850 1296 1928 eedebet

367 1936 517 2016 opinione
539 1955 608 1995 esse
631 1936 796 2014 formatus,
829 1943 860 1996 et
881 1936 942 1996 hue
958 1936 1057 1996 solum
1080 1941 1241 2016 spectare,
1264 1941 1296 1994 ut

368 2019 437 2079 eliis
460 2019 628 2079 servisset
650 2020 749 2100 prosit
767 2021 800 2079 in
824 2018 976 2095 omnibus
998 2037 1201 2098 quaeeunque
1216 2018 1295 2078 leue·

366 2103 424 2181 rit,
456 2101 531 2160 nihil
553 2109 625 2162 ente
647 2102 755 2162 oeulos
777 2101 911 2180 hebens,
944 2102 1003 2162 nisi
1024 2102 1243 2162 nenessitatem
1266 2105 1297 2162 et

368 2184 619 2247 eommoditstem
641 2186 784 2265 proximi,
828 2184 880 2247 sie
901 2185 982 2245 enim
1006 2184 1178 2265 Apostolus
1200 2183 1297 2262 iubet,

368 2275 400 2329 ut
431 2268 572 2328 munibus
601 2268 797 2343 laboremus,
832 2286 893 2348 quo
932 2267 1039 2329 demus
1077 2268 1295 2328 necessitatem

365 2350 506 2430 habenti,
554 2370 623 2412 eum
670 2353 826 2432 potuisset
868 2350 988 2431 disere,
1043 2369 1103 2430 qun
1152 2369 1211 2412 nos
1253 2351 1297 2430 ip·
1402 2389 1403 2406 1

368 2454 421 2496 ses
443 2435 584 2513 alemus,
619 2434 673 2495 sed
696 2433 810 2512 det2),
833 2435 954 2516 iuquit,
993 2435 1210 2496 necessitatem
1244 2433 1297 2494 he

368 2517 462 2578 beuti.
504 2517 583 2577 Nem
606 2524 637 2577 et
658 2519 689 2577 iu
704 2517 766 2578 hoe
779 2517 878 2597 ipsum
902 2518 1041 2597 eorporis
1055 2536 1158 2578 eurum
1180 2517 1296 2578 hebere

369 2598 575 2660 Christianum
597 2611 656 2677 est,
676 2619 737 2680 quo
761 2619 818 2680 per
838 2601 904 2661 eius
928 2601 1105 2662 salutemet
1126 2599 1296 2662 summodi-

370 2689 464 2742 tutem
486 2681 646 2760 laborare,
679 2703 728 2743 res
751 2702 900 2762 quaerere
929 2691 961 2744 et
983 2703 1107 2745 seruere
1128 2685 1296 2764 possimus,

369 2767 400 2824 in
423 2764 591 2826 subsidium
616 2785 733 2844 eorum,
755 2767 807 2846 qni
828 2767 978 2849 indigent,
1000 2774 1033 2827 ul
1056 2768 1102 2827 sie
1123 2767 1295 2828 membrum

368 2848 525 2912 robustum
548 2851 662 2910 serviet
683 2849 822 2912 membro
838 2849 970 2929 infirmo,
996 2857 1028 2911 et
1042 2852 1136 2912 simus
1159 2849 1214 2910 lilii
1227 2851 1296 2929 Dei,

366 2932 448 2993 ulter
470 2952 526 3013 pro
560 2931 659 2994 sltem
687 2933 838 2996 sollieitus
871 2941 902 2995 et
932 2933 1122 3010 laboriosus,
1160 2935 1294 2996 iuvisem

368 3034 465 3076 euers
485 3022 656 3097 portantes,
679 3025 710 3077 et
733 3018 779 3077 sis
800 3017 900 3098 legem
925 3017 1035 3078 Christi
1057 3017 1232 3097 implentes.

448 3099 550 3177 Ense,
572 3100 651 3161 huet·
672 3107 720 3161 est
741 3119 814 3161 vere
839 3100 1014 3164 Christiane
1034 3102 1114 3176 vita,
1148 3100 1199 3160 hie
1220 3117 1296 3162 vere

368 3179 444 3244 fides
467 3182 578 3242 efflesx
601 3193 650 3243 est
669 3203 725 3264 per
749 3183 956 3259 dilectionem,
979 3184 1108 3263 honest,
1131 3201 1200 3244 eum
1223 3199 1298 3264 geu-

368 3263 419 3325 dio
442 3273 474 3324 et
496 3264 662 3327 dilectione
683 3266 786 3347 prodit
802 3268 832 3327 in
846 3286 923 3347 opus
945 3265 1098 3328 servitutis
1111 3266 1297 3346 liberrimus,

367 3365 428 3426 que
450 3349 538 3408 elteri
561 3351 655 3429 gratis
677 3359 710 3410 et
731 3357 844 3430 sponte
871 3351 979 3432 servit,
1014 3351 1084 3431 ipss
1104 3349 1228 3413 abunde
1251 3369 1298 3410 su

270 3444 274 3453 ·
368 3438 435 3490 ture
448 3431 481 3508 3)
503 3431 575 3491 ildei
598 3452 673 3494 suae
694 3433 886 3513 plenitudine
908 3439 939 3494 et
961 3434 1128 3514 opulentis.

450 3514 501 3575 Sis
521 3514 733 3595 Philippenses
764 3535 833 3576 eum
857 3517 968 3577 Paulus
997 3517 1169 3595 doenisset,
1204 3535 1298 3596 quem

368 3596 478 3658 divites
501 3598 573 3659 iseti
597 3606 779 3679 essentper
795 3599 887 3660 fidem
912 3600 1035 3678 Christi,
1055 3602 1088 3661 in
1110 3619 1171 3680 que
1193 3602 1299 3661 omnis

368 3681 582 3765 obtinuissent,
594 3681 748 3743 doceteus
760 3683 907 3763 deinceps
922 3682 1098 3760 dicens**>:
1111 3684 1142 3746 Si
1153 3703 1214 3763 qus
1226 3701 1298 3744 eon·

375 3827 456 3834 mnu-
711 3827 794 3834 ...ι--η

405 3880 433 3940 1)
455 3875 486 3928 In
506 3877 549 3932 ed.
565 3877 646 3932 ¹521:
667 3879 696 3928 in
716 3877 929 3931 similitudinem
941 3879 1085 3932 hominum
1097 3876 1195 3934 fuctus.
1217 3881 1247 3943 2)
1268 3880 1297 3931 ln

367 3947 410 4000 ed.
429 3947 499 4002 len:
518 3949 566 4003 sed
587 3955 614 4000 et
632 3951 729 4020 inquit.
750 3950 780 4011 3)
803 3951 833 4003 ln
853 3949 893 4004 ed.
915 3953 986 4020 orig.
1007 3949 1087 4006 eted.
1111 3951 1194 4007 1521:
1214 3957 1301 4008 setun.

429 4022 470 4084 J)
490 4021 592 4091 Ephes.
611 4019 636 4076 2.
658 4020 707 4089 ”l
728 4023 799 4075 Phil.
820 4023 845 4078 2.
