<?xml version="1.0" encoding="UTF-8"?>
<!DOCTYPE html PUBLIC "-//W3C//DTD XHTML 1.0 Transitional//EN"
    "http://www.w3.org/TR/xhtml1/DTD/xhtml1-transitional.dtd">
<html xmlns="http://www.w3.org/1999/xhtml" xml:lang="en" lang="en">
 <head>
  <title>
</title>
<meta http-equiv="Content-Type" content="text/html;charset=utf-8" />
  <meta name='ocr-system' content='tesseract 3.04.00' />
  <meta name='ocr-capabilities' content='ocr_page ocr_carea ocr_par ocr_line ocrx_word'/>
</head>
<body>
  <div class='ocr_page' id='page_1' title='image "./operalatinavari04schmgoog_0455.png"; bbox 0 0 3159 4792; ppageno 0'>
   <div class='ocr_carea' id='block_1_1' title="bbox 462 449 1234 561">
    <p class='ocr_par' dir='ltr' id='par_1_1' title="bbox 462 449 1234 561">
     <span class='ocr_line' id='line_1_1' title="bbox 462 449 1234 561; baseline 0.006 -15"><span class='ocrx_word' id='word_1_1' title='bbox 462 492 496 547; x_wconf 89' lang='grc'><strong>66</strong></span> <span class='ocrx_word' id='word_1_2' title='bbox 515 492 564 548; x_wconf 89' lang='grc'><strong>6116</strong></span> <span class='ocrx_word' id='word_1_3' title='bbox 583 491 686 547; x_wconf 77' lang='lat' dir='ltr'>Christi</span> <span class='ocrx_word' id='word_1_4' title='bbox 704 492 791 550; x_wconf 83' lang='lat' dir='ltr'>dicto:</span> <span class='ocrx_word' id='word_1_5' title='bbox 813 494 899 561; x_wconf 80' lang='grc'><strong>11666,</strong></span> <span class='ocrx_word' id='word_1_6' title='bbox 920 449 1009 550; x_wconf 82' lang='lat' dir='ltr'>vende</span> <span class='ocrx_word' id='word_1_7' title='bbox 1027 499 1077 550; x_wconf 86' lang='grc'><strong>666.</strong></span> <span class='ocrx_word' id='word_1_8' title='bbox 1170 492 1234 560; x_wconf 73' lang='grc'><strong>447</strong></span> 
     </span>
    </p>
   </div>
   <div class='ocr_carea' id='block_1_2' title="bbox 314 680 1236 1663">
    <p class='ocr_par' dir='ltr' id='par_1_2' title="bbox 315 680 1234 849">
     <span class='ocr_line' id='line_1_2' title="bbox 315 680 1234 765; baseline 0.003 -22"><span class='ocrx_word' id='word_1_9' title='bbox 315 680 512 763; x_wconf 74' lang='lat' dir='ltr'>evangelium</span> <span class='ocrx_word' id='word_1_10' title='bbox 544 680 672 743; x_wconf 82' lang='grc'><strong>666666</strong></span> <span class='ocrx_word' id='word_1_11' title='bbox 704 688 738 744; x_wconf 88' lang='grc'><strong>66</strong></span> <span class='ocrx_word' id='word_1_12' title='bbox 760 682 1037 765; x_wconf 59' lang='lat' dir='ltr'>cornere-per</span> <span class='ocrx_word' id='word_1_13' title='bbox 1062 683 1234 746; x_wconf 79' lang='grc'><strong>66666166·</strong></span> 
     </span>
     <span class='ocr_line' id='line_1_3' title="bbox 316 765 785 849; baseline 0.002 -23"><span class='ocrx_word' id='word_1_14' title='bbox 316 765 487 849; x_wconf 82' lang='lat' dir='ltr'>phemius</span> <span class='ocrx_word' id='word_1_15' title='bbox 478 786 510 825; x_wconf 91' lang='lat' dir='ltr'>rn</span> <span class='ocrx_word' id='word_1_16' title='bbox 533 766 603 827; x_wconf 89' lang='lat' dir='ltr'>iure</span> <span class='ocrx_word' id='word_1_17' title='bbox 622 768 785 829; x_wconf 87' lang='grc'><strong>66666666.</strong></span> 
     </span>
    </p>

    <p class='ocr_par' dir='ltr' id='par_1_3' title="bbox 320 848 1234 1016">
     <span class='ocr_line' id='line_1_4' title="bbox 380 848 1234 931; baseline 0 -18"><span class='ocrx_word' id='word_1_18' title='bbox 380 850 430 913; x_wconf 89' lang='grc'><strong>54.</strong></span> <span class='ocrx_word' id='word_1_19' title='bbox 452 848 615 910; x_wconf 84' lang='lat' dir='ltr'>Politicum</span> <span class='ocrx_word' id='word_1_20' title='bbox 637 868 701 910; x_wconf 89' lang='lat' dir='ltr'><strong>non</strong></span> <span class='ocrx_word' id='word_1_21' title='bbox 723 868 793 912; x_wconf 91' lang='lat' dir='ltr'>esse</span> <span class='ocrx_word' id='word_1_22' title='bbox 816 851 981 930; x_wconf 72' lang='lat' dir='ltr'>convincit,</span> <span class='ocrx_word' id='word_1_23' title='bbox 1002 850 1115 931; x_wconf 89' lang='lat' dir='ltr'>quod</span> <span class='ocrx_word' id='word_1_24' title='bbox 1106 870 1174 913; x_wconf 81' lang='lat' dir='ltr'>rure</span> <span class='ocrx_word' id='word_1_25' title='bbox 1194 852 1234 913; x_wconf 91' lang='lat' dir='ltr'>ci·</span> 
     </span>
     <span class='ocr_line' id='line_1_5' title="bbox 320 932 1012 1016; baseline 0.003 -24"><span class='ocrx_word' id='word_1_26' title='bbox 320 932 395 992; x_wconf 78' lang='grc'><strong>61116</strong></span> <span class='ocrx_word' id='word_1_27' title='bbox 417 932 474 994; x_wconf 90' lang='lat' dir='ltr'>sibi</span> <span class='ocrx_word' id='word_1_28' title='bbox 492 932 632 1011; x_wconf 82' lang='lat' dir='ltr'>subiecit,</span> <span class='ocrx_word' id='word_1_29' title='bbox 656 934 735 995; x_wconf 89' lang='grc'><strong>66666</strong></span> <span class='ocrx_word' id='word_1_30' title='bbox 755 941 787 995; x_wconf 86' lang='grc'><strong>66</strong></span> <span class='ocrx_word' id='word_1_31' title='bbox 808 934 1012 1016; x_wconf 76' lang='lat' dir='ltr'>evangelium.</span> 
     </span>
    </p>

    <p class='ocr_par' dir='ltr' id='par_1_4' title="bbox 314 1015 1234 1245">
     <span class='ocr_line' id='line_1_6' title="bbox 381 1015 1234 1099; baseline -0.002 -19"><span class='ocrx_word' id='word_1_32' title='bbox 381 1019 430 1080; x_wconf 99' lang='grc'><strong>55.</strong></span> <span class='ocrx_word' id='word_1_33' title='bbox 452 1015 696 1078; x_wconf 84' lang='lat' dir='ltr'>Oeconomicum</span> <span class='ocrx_word' id='word_1_34' title='bbox 734 1036 798 1079; x_wconf 90' lang='lat' dir='ltr'><strong>non</strong></span> <span class='ocrx_word' id='word_1_35' title='bbox 833 1036 902 1079; x_wconf 81' lang='lat' dir='ltr'>esse</span> <span class='ocrx_word' id='word_1_36' title='bbox 933 1019 1104 1098; x_wconf 75' lang='lat' dir='ltr'><strong>convincit,</strong></span> <span class='ocrx_word' id='word_1_37' title='bbox 1151 1017 1234 1099; x_wconf 79' lang='lat' dir='ltr'>quod</span> 
     </span>
     <span class='ocr_line' id='line_1_7' title="bbox 315 1100 1234 1182; baseline 0.002 -23"><span class='ocrx_word' id='word_1_38' title='bbox 315 1100 440 1179; x_wconf 82' lang='lat' dir='ltr'>nuptiss</span> <span class='ocrx_word' id='word_1_39' title='bbox 464 1106 495 1161; x_wconf 89' lang='lat' dir='ltr'>et</span> <span class='ocrx_word' id='word_1_40' title='bbox 517 1100 698 1181; x_wconf 83' lang='lat' dir='ltr'>coniugium</span> <span class='ocrx_word' id='word_1_41' title='bbox 713 1100 874 1182; x_wconf 86' lang='lat' dir='ltr'>prohibet,</span> <span class='ocrx_word' id='word_1_42' title='bbox 903 1101 1012 1181; x_wconf 90' lang='lat' dir='ltr'>quibus</span> <span class='ocrx_word' id='word_1_43' title='bbox 1039 1101 1156 1164; x_wconf 87' lang='lat' dir='ltr'>libitum</span> <span class='ocrx_word' id='word_1_44' title='bbox 1177 1107 1234 1182; x_wconf 86' lang='lat' dir='ltr'>est,</span> 
     </span>
     <span class='ocr_line' id='line_1_8' title="bbox 314 1182 761 1245; baseline 0.005 -2"><span class='ocrx_word' id='word_1_45' title='bbox 314 1200 379 1243; x_wconf 87' lang='lat' dir='ltr'><strong>non</strong></span> <span class='ocrx_word' id='word_1_46' title='bbox 401 1189 519 1243; x_wconf 82' lang='lat' dir='ltr'>tentum</span> <span class='ocrx_word' id='word_1_47' title='bbox 541 1182 761 1245; x_wconf 76' lang='lat' dir='ltr'>sacerdotibus.</span> 
     </span>
    </p>

    <p class='ocr_par' dir='ltr' id='par_1_5' title="bbox 314 1219 1235 1429">
     <span class='ocr_line' id='line_1_9' title="bbox 378 1219 1235 1349; baseline -0.002 -18"><span class='ocrx_word' id='word_1_48' title='bbox 378 1269 428 1331; x_wconf 94' lang='grc'><strong>56.</strong></span> <span class='ocrx_word' id='word_1_49' title='bbox 450 1266 510 1329; x_wconf 84' lang='lat' dir='ltr'>Sed</span> <span class='ocrx_word' id='word_1_50' title='bbox 533 1273 580 1327; x_wconf 89' lang='lat' dir='ltr'><strong>est</strong></span> <span class='ocrx_word' id='word_1_51' title='bbox 600 1266 676 1327; x_wconf 89' lang='lat' dir='ltr'>illud</span> <span class='ocrx_word' id='word_1_52' title='bbox 699 1273 884 1347; x_wconf 88' lang='lat' dir='ltr'>monstrum,</span> <span class='ocrx_word' id='word_1_53' title='bbox 914 1268 954 1327; x_wconf 98' lang='grc'><strong>66</strong></span> <span class='ocrx_word' id='word_1_54' title='bbox 976 1287 1037 1349; x_wconf 88' lang='lat' dir='ltr'><strong>quo</strong></span> <span class='ocrx_word' id='word_1_55' title='bbox 1059 1219 1235 1334; x_wconf 72' lang='grc'><strong>116616161-</strong></span> 
     </span>
     <span class='ocr_line' id='line_1_10' title="bbox 314 1349 1235 1429; baseline 0.003 -20"><span class='ocrx_word' id='word_1_56' title='bbox 314 1350 368 1429; x_wconf 83' lang='grc'><strong>666,</strong></span> <span class='ocrx_word' id='word_1_57' title='bbox 391 1350 474 1429; x_wconf 91' lang='lat' dir='ltr'>quod</span> <span class='ocrx_word' id='word_1_58' title='bbox 496 1349 675 1413; x_wconf 78' lang='lat' dir='ltr'><strong>adversatur</strong></span> <span class='ocrx_word' id='word_1_59' title='bbox 697 1351 781 1414; x_wconf 89' lang='lat' dir='ltr'>omni</span> <span class='ocrx_word' id='word_1_60' title='bbox 804 1350 875 1428; x_wconf 87' lang='lat' dir='ltr'>deo,</span> <span class='ocrx_word' id='word_1_61' title='bbox 897 1352 991 1413; x_wconf 82' lang='lat' dir='ltr'>etiem</span> <span class='ocrx_word' id='word_1_62' title='bbox 1013 1351 1074 1413; x_wconf 87' lang='grc'><strong>666</strong></span> <span class='ocrx_word' id='word_1_63' title='bbox 1088 1352 1235 1414; x_wconf 91' lang='lat' dir='ltr'>Deorum.</span> 
     </span>
    </p>

    <p class='ocr_par' dir='ltr' id='par_1_6' title="bbox 315 1432 1236 1660">
     <span class='ocr_line' id='line_1_11' title="bbox 377 1432 1236 1513; baseline -0.001 -16"><span class='ocrx_word' id='word_1_64' title='bbox 377 1436 427 1497; x_wconf 92' lang='grc'><strong>57</strong></span> <span class='ocrx_word' id='word_1_65' title='bbox 448 1433 490 1495; x_wconf 79' lang='lat' dir='ltr'><strong>Et</strong></span> <span class='ocrx_word' id='word_1_66' title='bbox 509 1433 605 1513; x_wconf 87' lang='lat' dir='ltr'>quod</span> <span class='ocrx_word' id='word_1_67' title='bbox 604 1433 725 1495; x_wconf 81' lang='lat' dir='ltr'>Paulus</span> <span class='ocrx_word' id='word_1_68' title='bbox 747 1433 886 1495; x_wconf 75' lang='lat' dir='ltr'><strong>Danielis</strong></span> <span class='ocrx_word' id='word_1_69' title='bbox 919 1432 1015 1496; x_wconf 86' lang='lat' dir='ltr'>verbs</span> <span class='ocrx_word' id='word_1_70' title='bbox 1037 1440 1160 1498; x_wconf 83' lang='lat' dir='ltr'>secutus</span> <span class='ocrx_word' id='word_1_71' title='bbox 1182 1453 1236 1496; x_wconf 85' lang='lat' dir='ltr'><strong>vo·</strong></span> 
     </span>
     <span class='ocr_line' id='line_1_12' title="bbox 315 1516 1235 1660; baseline 0.002 -83"><span class='ocrx_word' id='word_1_72' title='bbox 315 1522 369 1660; x_wconf 68' lang='grc'><strong>666</strong></span> <span class='ocrx_word' id='word_1_73' title='bbox 388 1516 597 1579; x_wconf 85' lang='lat' dir='ltr'>edversnrium</span> <span class='ocrx_word' id='word_1_74' title='bbox 619 1517 686 1596; x_wconf 87' lang='lat' dir='ltr'>Dei,</span> <span class='ocrx_word' id='word_1_75' title='bbox 708 1518 866 1581; x_wconf 87' lang='lat' dir='ltr'>hominem</span> <span class='ocrx_word' id='word_1_76' title='bbox 888 1520 1025 1598; x_wconf 77' lang='lat' dir='ltr'>peccet,</span> <span class='ocrx_word' id='word_1_77' title='bbox 1047 1517 1143 1636; x_wconf 85' lang='lat' dir='ltr'>fllium</span> <span class='ocrx_word' id='word_1_78' title='bbox 1168 1536 1235 1600; x_wconf 85' lang='lat' dir='ltr'>per·</span> 
     </span>
    </p>

    <p class='ocr_par' dir='ltr' id='par_1_7' title="bbox 338 1600 450 1663">
     <span class='ocr_line' id='line_1_13' title="bbox 338 1600 450 1663; baseline 0 -2"><span class='ocrx_word' id='word_1_79' title='bbox 338 1600 450 1663; x_wconf 85' lang='lat' dir='ltr'>tionis.</span> 
     </span>
    </p>
   </div>
   <div class='ocr_carea' id='block_1_3' title="bbox 172 1685 1238 1873">
    <p class='ocr_par' dir='ltr' id='par_1_8' title="bbox 172 1685 1238 1873">
     <span class='ocr_line' id='line_1_14' title="bbox 172 1685 1238 1803; baseline -0.007 -35"><span class='ocrx_word' id='word_1_80' title='bbox 172 1742 173 1751; x_wconf 34' lang='grc' dir='ltr'>ι</span> <span class='ocrx_word' id='word_1_81' title='bbox 292 1749 295 1755; x_wconf 84' lang='lat'><em>-</em></span> <span class='ocrx_word' id='word_1_82' title='bbox 383 1702 433 1767; x_wconf 89' lang='grc'><strong>58.</strong></span> <span class='ocrx_word' id='word_1_83' title='bbox 457 1685 1001 1779; x_wconf 71' lang='grc'><strong>166666·6666666666666166666166</strong></span> <span class='ocrx_word' id='word_1_84' title='bbox 1022 1700 1104 1803; x_wconf 92' lang='lat' dir='ltr'>quod</span> <span class='ocrx_word' id='word_1_85' title='bbox 1117 1700 1238 1781; x_wconf 74' lang='lat' dir='ltr'>Graeci,</span> 
     </span>
     <span class='ocr_line' id='line_1_15' title="bbox 320 1748 1205 1873; baseline 0.007 -29"><span class='ocrx_word' id='word_1_86' title='bbox 320 1785 346 1845; x_wconf 88' lang='grc'><strong>66</strong></span> <span class='ocrx_word' id='word_1_87' title='bbox 368 1784 448 1846; x_wconf 86' lang='lat' dir='ltr'>forte</span> <span class='ocrx_word' id='word_1_88' title='bbox 470 1790 588 1847; x_wconf 87' lang='lat' dir='ltr'>notum</span> <span class='ocrx_word' id='word_1_89' title='bbox 598 1785 659 1845; x_wconf 89' lang='lat' dir='ltr'>illis</span> <span class='ocrx_word' id='word_1_90' title='bbox 680 1784 798 1863; x_wconf 85' lang='lat' dir='ltr'>fuisset,</span> <span class='ocrx_word' id='word_1_91' title='bbox 821 1785 972 1847; x_wconf 75' lang='lat' dir='ltr'>dixissent</span> <span class='ocrx_word' id='word_1_92' title='bbox 992 1748 1205 1873; x_wconf 68' lang='lat' dir='ltr'>ripmiicxov.</span> 
     </span>
    </p>
   </div>
   <div class='ocr_carea' id='block_1_4' title="bbox 290 1883 1239 2958">
    <p class='ocr_par' dir='ltr' id='par_1_9' title="bbox 316 1883 1235 2115">
     <span class='ocr_line' id='line_1_16' title="bbox 380 1883 1235 1983; baseline -0.005 -31"><span class='ocrx_word' id='word_1_93' title='bbox 380 1888 430 1952; x_wconf 87' lang='grc'><strong>59.</strong></span> <span class='ocrx_word' id='word_1_94' title='bbox 452 1883 521 1948; x_wconf 89' lang='grc' dir='ltr'><strong>Η66</strong></span> <span class='ocrx_word' id='word_1_95' title='bbox 533 1886 646 1947; x_wconf 82' lang='lat' dir='ltr'>animal</span> <span class='ocrx_word' id='word_1_96' title='bbox 663 1886 752 1983; x_wconf 91' lang='lat' dir='ltr'>lupus</span> <span class='ocrx_word' id='word_1_97' title='bbox 766 1891 814 1947; x_wconf 92' lang='lat' dir='ltr'><strong>est</strong></span> <span class='ocrx_word' id='word_1_98' title='bbox 827 1886 962 1968; x_wconf 90' lang='lat' dir='ltr'>quidem,</span> <span class='ocrx_word' id='word_1_99' title='bbox 981 1885 1036 1947; x_wconf 92' lang='grc'><strong>666</strong></span> <span class='ocrx_word' id='word_1_100' title='bbox 1052 1907 1072 1948; x_wconf 88' lang='grc'><strong>6</strong></span> <span class='ocrx_word' id='word_1_101' title='bbox 1083 1886 1235 1948; x_wconf 80' lang='lat' dir='ltr'>daemone</span> 
     </span>
     <span class='ocr_line' id='line_1_17' title="bbox 316 1970 1236 2051; baseline 0.002 -22"><span class='ocrx_word' id='word_1_102' title='bbox 316 1975 420 2051; x_wconf 82' lang='lat' dir='ltr'>errept</span> <span class='ocrx_word' id='word_1_103' title='bbox 421 1990 455 2031; x_wconf 94' lang='grc'><strong>66</strong></span> <span class='ocrx_word' id='word_1_104' title='bbox 407 1971 596 2032; x_wconf 76' lang='grc'><strong>61666666</strong></span> <span class='ocrx_word' id='word_1_105' title='bbox 618 1971 739 2049; x_wconf 83' lang='grc'><strong>66616,</strong></span> <span class='ocrx_word' id='word_1_106' title='bbox 776 1977 808 2032; x_wconf 92' lang='grc'><strong>66</strong></span> <span class='ocrx_word' id='word_1_107' title='bbox 829 1970 959 2044; x_wconf 81' lang='lat' dir='ltr'>elabitur</span> <span class='ocrx_word' id='word_1_108' title='bbox 981 1970 1122 2034; x_wconf 87' lang='lat' dir='ltr'>omnibus</span> <span class='ocrx_word' id='word_1_109' title='bbox 1144 1976 1236 2032; x_wconf 77' lang='lat' dir='ltr'>iens-</span> 
     </span>
     <span class='ocr_line' id='line_1_18' title="bbox 316 2052 574 2118; baseline -0.004 -3"><span class='ocrx_word' id='word_1_110' title='bbox 316 2052 451 2116; x_wconf 87' lang='lat' dir='ltr'>buliset</span> <span class='ocrx_word' id='word_1_111' title='bbox 438 2054 574 2118; x_wconf 85' lang='lat' dir='ltr'>tarmis.</span> 
     </span>
    </p>

    <p class='ocr_par' dir='ltr' id='par_1_10' title="bbox 290 2135 1238 2469">
     <span class='ocr_line' id='line_1_19' title="bbox 382 2135 1238 2218; baseline -0.004 -16"><span class='ocrx_word' id='word_1_112' title='bbox 382 2140 429 2202; x_wconf 93' lang='grc'><strong>60.</strong></span> <span class='ocrx_word' id='word_1_113' title='bbox 452 2137 502 2197; x_wconf 89' lang='lat' dir='ltr'><strong>Ad</strong></span> <span class='ocrx_word' id='word_1_114' title='bbox 525 2135 608 2218; x_wconf 91' lang='lat' dir='ltr'>quod</span> <span class='ocrx_word' id='word_1_115' title='bbox 630 2136 865 2218; x_wconf 87' lang='lat' dir='ltr'>opprimendum</span> <span class='ocrx_word' id='word_1_116' title='bbox 882 2139 1074 2199; x_wconf 85' lang='lat' dir='ltr'>necessarius</span> <span class='ocrx_word' id='word_1_117' title='bbox 1096 2143 1144 2199; x_wconf 91' lang='lat' dir='ltr'><strong>est</strong></span> <span class='ocrx_word' id='word_1_118' title='bbox 1166 2156 1238 2199; x_wconf 89' lang='lat' dir='ltr'>con·</span> 
     </span>
     <span class='ocr_line' id='line_1_20' title="bbox 318 2220 1238 2317; baseline 0.002 -37"><span class='ocrx_word' id='word_1_119' title='bbox 318 2239 426 2280; x_wconf 89' lang='lat' dir='ltr'>cursus</span> <span class='ocrx_word' id='word_1_120' title='bbox 451 2222 587 2282; x_wconf 89' lang='lat' dir='ltr'>omnium</span> <span class='ocrx_word' id='word_1_121' title='bbox 608 2240 759 2303; x_wconf 82' lang='lat' dir='ltr'>pagorum</span> <span class='ocrx_word' id='word_1_122' title='bbox 783 2227 815 2281; x_wconf 89' lang='lat' dir='ltr'>et</span> <span class='ocrx_word' id='word_1_123' title='bbox 832 2220 1026 2317; x_wconf 85' lang='lat' dir='ltr'>oppidorum,</span> <span class='ocrx_word' id='word_1_124' title='bbox 1046 2221 1238 2302; x_wconf 85' lang='lat' dir='ltr'>singulorum</span> 
     </span>
     <span class='ocr_line' id='line_1_21' title="bbox 317 2302 1174 2383; baseline 0 -18"><span class='ocrx_word' id='word_1_125' title='bbox 317 2308 350 2375; x_wconf 89' lang='grc'><strong>66</strong></span> <span class='ocrx_word' id='word_1_126' title='bbox 373 2305 508 2365; x_wconf 90' lang='lat' dir='ltr'>omnium</span> <span class='ocrx_word' id='word_1_127' title='bbox 532 2305 676 2383; x_wconf 86' lang='lat' dir='ltr'>virorum,</span> <span class='ocrx_word' id='word_1_128' title='bbox 699 2304 818 2365; x_wconf 81' lang='lat' dir='ltr'>etiamsi</span> <span class='ocrx_word' id='word_1_129' title='bbox 841 2306 886 2364; x_wconf 89' lang='lat' dir='ltr'><strong>sic</strong></span> <span class='ocrx_word' id='word_1_130' title='bbox 907 2302 1031 2366; x_wconf 84' lang='lat' dir='ltr'>tandem</span> <span class='ocrx_word' id='word_1_131' title='bbox 1054 2304 1174 2369; x_wconf 80' lang='lat' dir='ltr'>evadat</span> 
     </span>
     <span class='ocr_line' id='line_1_22' title="bbox 290 2386 1237 2469; baseline -0.003 -17"><span class='ocrx_word' id='word_1_132' title='bbox 290 2462 292 2467; x_wconf 67' lang='lat'>,</span> <span class='ocrx_word' id='word_1_133' title='bbox 382 2390 433 2453; x_wconf 91' lang='grc'><strong>61.</strong></span> <span class='ocrx_word' id='word_1_134' title='bbox 453 2387 518 2449; x_wconf 87' lang='lat' dir='ltr'><strong>Nee</strong></span> <span class='ocrx_word' id='word_1_135' title='bbox 547 2394 594 2450; x_wconf 87' lang='lat' dir='ltr'><strong>est</strong></span> <span class='ocrx_word' id='word_1_136' title='bbox 622 2387 673 2448; x_wconf 91' lang='lat' dir='ltr'>hic</span> <span class='ocrx_word' id='word_1_137' title='bbox 705 2386 916 2469; x_wconf 79' lang='lat' dir='ltr'>exspectanda</span> <span class='ocrx_word' id='word_1_138' title='bbox 942 2387 1051 2449; x_wconf 88' lang='lat' dir='ltr'>iudicis</span> <span class='ocrx_word' id='word_1_139' title='bbox 1073 2387 1237 2469; x_wconf 84' lang='lat' dir='ltr'>sententis,</span> 
     </span>
    </p>

    <p class='ocr_par' dir='ltr' id='par_1_11' title="bbox 316 2470 1238 2617">
     <span class='ocr_line' id='line_1_23' title="bbox 316 2470 1238 2554; baseline 0.002 -23.002"><span class='ocrx_word' id='word_1_140' title='bbox 316 2477 373 2532; x_wconf 86' lang='grc'><strong>’666</strong></span> <span class='ocrx_word' id='word_1_141' title='bbox 394 2471 516 2533; x_wconf 88' lang='grc'><strong>66666116</strong></span> <span class='ocrx_word' id='word_1_142' title='bbox 538 2472 698 2550; x_wconf 74' lang='lat' dir='ltr'>autoritas,</span> <span class='ocrx_word' id='word_1_143' title='bbox 719 2470 774 2533; x_wconf 90' lang='grc'><strong>666</strong></span> <span class='ocrx_word' id='word_1_144' title='bbox 797 2471 1002 2553; x_wconf 80' lang='lat' dir='ltr'>expendendo</span> <span class='ocrx_word' id='word_1_145' title='bbox 1019 2490 1167 2554; x_wconf 77' lang='lat' dir='ltr'>praesens</span> <span class='ocrx_word' id='word_1_146' title='bbox 1189 2491 1238 2533; x_wconf 87' lang='lat' dir='ltr'><strong>cn·</strong></span> 
     </span>
     <span class='ocr_line' id='line_1_24' title="bbox 316 2554 712 2619; baseline 0.003 -5"><span class='ocrx_word' id='word_1_147' title='bbox 316 2554 439 2617; x_wconf 84' lang='lat' dir='ltr'>Inmites</span> <span class='ocrx_word' id='word_1_148' title='bbox 463 2561 495 2615; x_wconf 90' lang='grc'><strong>66</strong></span> <span class='ocrx_word' id='word_1_149' title='bbox 515 2556 712 2619; x_wconf 78' lang='lat' dir='ltr'>necessitas.</span> 
     </span>
    </p>

    <p class='ocr_par' dir='ltr' id='par_1_12' title="bbox 318 2637 1239 2958">
     <span class='ocr_line' id='line_1_25' title="bbox 380 2637 1239 2721; baseline -0.002 -18"><span class='ocrx_word' id='word_1_150' title='bbox 380 2640 428 2703; x_wconf 83' lang='lat'><strong>62.</strong></span> <span class='ocrx_word' id='word_1_151' title='bbox 451 2637 589 2714; x_wconf 80' lang='lat' dir='ltr'>Quod</span> <span class='ocrx_word' id='word_1_152' title='bbox 566 2658 592 2699; x_wconf 87' lang='lat' dir='ltr'><strong>sr</strong></span> <span class='ocrx_word' id='word_1_153' title='bbox 615 2638 717 2699; x_wconf 89' lang='grc'><strong>166666</strong></span> <span class='ocrx_word' id='word_1_154' title='bbox 747 2638 858 2720; x_wconf 79' lang='lat' dir='ltr'>aliquis</span> <span class='ocrx_word' id='word_1_155' title='bbox 880 2639 970 2701; x_wconf 89' lang='lat' dir='ltr'>fuerit</span> <span class='ocrx_word' id='word_1_156' title='bbox 991 2659 1046 2721; x_wconf 88' lang='lat' dir='ltr'><strong>per</strong></span> <span class='ocrx_word' id='word_1_157' title='bbox 1067 2638 1129 2701; x_wconf 91' lang='lat' dir='ltr'><strong>hoc</strong></span> <span class='ocrx_word' id='word_1_158' title='bbox 1150 2658 1239 2703; x_wconf 91' lang='lat' dir='ltr'>mou·</span> 
     </span>
     <span class='ocr_line' id='line_1_26' title="bbox 318 2720 1238 2818; baseline 0.004 -36"><span class='ocrx_word' id='word_1_159' title='bbox 318 2726 424 2818; x_wconf 77' lang='lat' dir='ltr'>strum,</span> <span class='ocrx_word' id='word_1_160' title='bbox 447 2720 521 2784; x_wconf 91' lang='lat' dir='ltr'><strong>dum</strong></span> <span class='ocrx_word' id='word_1_161' title='bbox 535 2720 741 2783; x_wconf 86' lang='lat' dir='ltr'>occidendum</span> <span class='ocrx_word' id='word_1_162' title='bbox 757 2725 961 2804; x_wconf 82' lang='lat' dir='ltr'>persequitur,</span> <span class='ocrx_word' id='word_1_163' title='bbox 983 2722 1068 2784; x_wconf 88' lang='grc'><strong>66116</strong></span> <span class='ocrx_word' id='word_1_164' title='bbox 1080 2725 1238 2786; x_wconf 89' lang='lat' dir='ltr'>conscien-</span> 
     </span>
     <span class='ocr_line' id='line_1_27' title="bbox 318 2803 1238 2900; baseline 0.004 -35"><span class='ocrx_word' id='word_1_165' title='bbox 318 2806 362 2865; x_wconf 88' lang='lat' dir='ltr'><strong>tis</strong></span> <span class='ocrx_word' id='word_1_166' title='bbox 380 2806 605 2900; x_wconf 82' lang='lat' dir='ltr'>persecutionis</span> <span class='ocrx_word' id='word_1_167' title='bbox 633 2812 771 2884; x_wconf 84' lang='lat' dir='ltr'>tenetur,</span> <span class='ocrx_word' id='word_1_168' title='bbox 801 2803 856 2867; x_wconf 88' lang='grc'><strong>666</strong></span> <span class='ocrx_word' id='word_1_169' title='bbox 884 2806 1078 2887; x_wconf 87' lang='lat' dir='ltr'>poenitentis</span> <span class='ocrx_word' id='word_1_170' title='bbox 1107 2806 1145 2867; x_wconf 90' lang='lat' dir='ltr'>de</span> <span class='ocrx_word' id='word_1_171' title='bbox 1174 2827 1238 2869; x_wconf 88' lang='lat' dir='ltr'><strong>uon</strong></span> 
     </span>
     <span class='ocr_line' id='line_1_28' title="bbox 318 2890 435 2958; baseline 0.009 -9"><span class='ocrx_word' id='word_1_172' title='bbox 318 2890 435 2958; x_wconf 83' lang='lat' dir='ltr'>occiso.</span> 
     </span>
    </p>
   </div>
   <div class='ocr_carea' id='block_1_5' title="bbox 316 2936 1307 3489">
    <p class='ocr_par' dir='ltr' id='par_1_13' title="bbox 318 2936 1238 3219">
     <span class='ocr_line' id='line_1_29' title="bbox 383 2936 1238 3067; baseline -0.006 -12"><span class='ocrx_word' id='word_1_173' title='bbox 383 2992 432 3057; x_wconf 82' lang='lat'><strong>63.</strong></span> <span class='ocrx_word' id='word_1_174' title='bbox 454 2989 524 3054; x_wconf 87' lang='lat' dir='ltr'>Nec</span> <span class='ocrx_word' id='word_1_175' title='bbox 545 2995 592 3050; x_wconf 91' lang='lat' dir='ltr'><strong>est</strong></span> <span class='ocrx_word' id='word_1_176' title='bbox 612 2990 663 3052; x_wconf 88' lang='lat' dir='ltr'>hic</span> <span class='ocrx_word' id='word_1_177' title='bbox 679 2936 861 3067; x_wconf 81' lang='lat' dir='ltr'>curandum,</span> <span class='ocrx_word' id='word_1_178' title='bbox 882 2989 908 3051; x_wconf 89' lang='grc'><strong>66</strong></span> <span class='ocrx_word' id='word_1_179' title='bbox 931 2986 1025 3050; x_wconf 83' lang='lat' dir='ltr'>iudex</span> <span class='ocrx_word' id='word_1_180' title='bbox 1045 2993 1098 3048; x_wconf 90' lang='grc'><strong>666</strong></span> <span class='ocrx_word' id='word_1_181' title='bbox 1108 2988 1238 3056; x_wconf 74' lang='lat' dir='ltr'>rusticus</span> 
     </span>
     <span class='ocr_line' id='line_1_30' title="bbox 318 3070 1238 3155; baseline -0.005 -17"><span class='ocrx_word' id='word_1_182' title='bbox 318 3074 351 3138; x_wconf 87' lang='grc'><strong>16</strong></span> <span class='ocrx_word' id='word_1_183' title='bbox 386 3093 475 3155; x_wconf 85' lang='lat' dir='ltr'>psgo</span> <span class='ocrx_word' id='word_1_184' title='bbox 502 3074 563 3135; x_wconf 88' lang='lat' dir='ltr'><strong>hoc</strong></span> <span class='ocrx_word' id='word_1_185' title='bbox 595 3073 709 3135; x_wconf 83' lang='lat' dir='ltr'>enimsi</span> <span class='ocrx_word' id='word_1_186' title='bbox 735 3073 839 3135; x_wconf 85' lang='lat' dir='ltr'>iubent</span> <span class='ocrx_word' id='word_1_187' title='bbox 865 3071 994 3136; x_wconf 85' lang='lat' dir='ltr'>liberum</span> <span class='ocrx_word' id='word_1_188' title='bbox 1030 3070 1157 3152; x_wconf 86' lang='lat' dir='ltr'>dimitti,</span> <span class='ocrx_word' id='word_1_189' title='bbox 1189 3071 1238 3133; x_wconf 86' lang='lat' dir='ltr'>vel</span> 
     </span>
     <span class='ocr_line' id='line_1_31' title="bbox 318 3157 596 3219; baseline -0.007 0"><span class='ocrx_word' id='word_1_190' title='bbox 318 3157 414 3219; x_wconf 82' lang='lat' dir='ltr'>etism</span> <span class='ocrx_word' id='word_1_191' title='bbox 440 3157 596 3218; x_wconf 85' lang='grc'><strong>66166666.</strong></span> 
     </span>
    </p>

    <p class='ocr_par' dir='ltr' id='par_1_14' title="bbox 316 3238 1307 3489">
     <span class='ocr_line' id='line_1_32' title="bbox 386 3238 1237 3309; baseline -0.005 -5"><span class='ocrx_word' id='word_1_192' title='bbox 386 3240 436 3309; x_wconf 93' lang='grc'><strong>64.</strong></span> <span class='ocrx_word' id='word_1_193' title='bbox 458 3241 537 3303; x_wconf 83' lang='lat' dir='ltr'><strong>Nam</strong></span> <span class='ocrx_word' id='word_1_194' title='bbox 558 3240 651 3301; x_wconf 88' lang='lat' dir='ltr'>iudex</span> <span class='ocrx_word' id='word_1_195' title='bbox 675 3240 857 3304; x_wconf 81' lang='lat' dir='ltr'>structione</span> <span class='ocrx_word' id='word_1_196' title='bbox 880 3245 1022 3301; x_wconf 87' lang='lat' dir='ltr'>tenentur</span> <span class='ocrx_word' id='word_1_197' title='bbox 1042 3258 1137 3301; x_wconf 89' lang='lat' dir='ltr'>nosse</span> <span class='ocrx_word' id='word_1_198' title='bbox 1147 3238 1237 3300; x_wconf 92' lang='lat' dir='ltr'>hu1us</span> 
     </span>
     <span class='ocr_line' id='line_1_33' title="bbox 318 3323 1307 3406; baseline -0.007 -19"><span class='ocrx_word' id='word_1_199' title='bbox 318 3325 449 3387; x_wconf 87' lang='lat' dir='ltr'>monstri</span> <span class='ocrx_word' id='word_1_200' title='bbox 464 3330 615 3405; x_wconf 85' lang='lat' dir='ltr'>ustursrn,</span> <span class='ocrx_word' id='word_1_201' title='bbox 638 3331 669 3388; x_wconf 89' lang='grc'><strong>66</strong></span> <span class='ocrx_word' id='word_1_202' title='bbox 691 3344 746 3405; x_wconf 87' lang='lat' dir='ltr'><strong>per</strong></span> <span class='ocrx_word' id='word_1_203' title='bbox 766 3343 838 3386; x_wconf 87' lang='lat' dir='ltr'>sese</span> <span class='ocrx_word' id='word_1_204' title='bbox 860 3324 957 3406; x_wconf 88' lang='lat' dir='ltr'>msgis</span> <span class='ocrx_word' id='word_1_205' title='bbox 971 3323 1124 3404; x_wconf 85' lang='lat' dir='ltr'>persequi,</span> <span class='ocrx_word' id='word_1_206' title='bbox 1146 3341 1238 3402; x_wconf 81' lang='lat' dir='ltr'>quum</span> <span class='ocrx_word' id='word_1_207' title='bbox 1298 3354 1307 3364; x_wconf 80' lang='grc'><strong>-</strong></span> 
     </span>
     <span class='ocr_line' id='line_1_34' title="bbox 316 3407 626 3489; baseline -0.003 -20"><span class='ocrx_word' id='word_1_208' title='bbox 316 3407 378 3489; x_wconf 88' lang='grc'><strong>1666</strong></span> <span class='ocrx_word' id='word_1_209' title='bbox 400 3414 626 3489; x_wconf 81' lang='lat' dir='ltr'>persecutores.</span> 
     </span>
    </p>
   </div>
   <div class='ocr_carea' id='block_1_6' title="bbox 318 3506 1238 4097">
    <p class='ocr_par' dir='ltr' id='par_1_15' title="bbox 318 3506 1238 3737">
     <span class='ocr_line' id='line_1_35' title="bbox 385 3506 1238 3588; baseline -0.008 -14"><span class='ocrx_word' id='word_1_210' title='bbox 385 3511 434 3574; x_wconf 86' lang='grc'><strong>65.</strong></span> <span class='ocrx_word' id='word_1_211' title='bbox 457 3507 547 3584; x_wconf 79' lang='lat' dir='ltr'>Quod</span> <span class='ocrx_word' id='word_1_212' title='bbox 576 3509 604 3569; x_wconf 89' lang='lat' dir='ltr'><strong>si</strong></span> <span class='ocrx_word' id='word_1_213' title='bbox 631 3506 725 3569; x_wconf 84' lang='lat' dir='ltr'>iudex</span> <span class='ocrx_word' id='word_1_214' title='bbox 753 3515 786 3569; x_wconf 93' lang='lat' dir='ltr'>et</span> <span class='ocrx_word' id='word_1_215' title='bbox 810 3508 915 3568; x_wconf 85' lang='lat' dir='ltr'>rustici</span> <span class='ocrx_word' id='word_1_216' title='bbox 942 3528 962 3568; x_wconf 92' lang='grc'><strong>6</strong></span> <span class='ocrx_word' id='word_1_217' title='bbox 990 3506 1238 3588; x_wconf 86' lang='lat' dir='ltr'>persecutoribus</span> 
     </span>
     <span class='ocr_line' id='line_1_36' title="bbox 320 3589 1238 3671; baseline -0.002 -18"><span class='ocrx_word' id='word_1_218' title='bbox 320 3592 407 3655; x_wconf 87' lang='lat' dir='ltr'>istius</span> <span class='ocrx_word' id='word_1_219' title='bbox 435 3593 563 3667; x_wconf 86' lang='lat' dir='ltr'>monstri</span> <span class='ocrx_word' id='word_1_220' title='bbox 597 3591 775 3653; x_wconf 87' lang='lat' dir='ltr'>occidentur</span> <span class='ocrx_word' id='word_1_221' title='bbox 805 3592 837 3658; x_wconf 90' lang='lat' dir='ltr'>in</span> <span class='ocrx_word' id='word_1_222' title='bbox 863 3596 951 3655; x_wconf 85' lang='grc'><strong>66666</strong></span> <span class='ocrx_word' id='word_1_223' title='bbox 985 3590 1130 3671; x_wconf 85' lang='lat' dir='ltr'>tumultu,</span> <span class='ocrx_word' id='word_1_224' title='bbox 1163 3589 1238 3653; x_wconf 88' lang='lat' dir='ltr'>nihil</span> 
     </span>
     <span class='ocr_line' id='line_1_37' title="bbox 318 3675 733 3737; baseline 0 -1"><span class='ocrx_word' id='word_1_225' title='bbox 318 3676 448 3737; x_wconf 85' lang='lat' dir='ltr'>iniurise</span> <span class='ocrx_word' id='word_1_226' title='bbox 470 3676 515 3737; x_wconf 91' lang='lat' dir='ltr'><strong>eis</strong></span> <span class='ocrx_word' id='word_1_227' title='bbox 536 3675 654 3736; x_wconf 77' lang='lat' dir='ltr'>illatum</span> <span class='ocrx_word' id='word_1_228' title='bbox 674 3680 733 3736; x_wconf 83' lang='lat' dir='ltr'><strong>est</strong></span> 
     </span>
    </p>

    <p class='ocr_par' dir='ltr' id='par_1_16' title="bbox 320 3755 1238 4017">
     <span class='ocr_line' id='line_1_38' title="bbox 385 3755 1238 3858; baseline -0.009 -33"><span class='ocrx_word' id='word_1_229' title='bbox 385 3761 435 3858; x_wconf 87' lang='grc'><strong>66</strong></span> <span class='ocrx_word' id='word_1_230' title='bbox 457 3759 522 3839; x_wconf 85' lang='lat' dir='ltr'>Its,</span> <span class='ocrx_word' id='word_1_231' title='bbox 556 3760 581 3818; x_wconf 91' lang='lat' dir='ltr'><strong>si</strong></span> <span class='ocrx_word' id='word_1_232' title='bbox 608 3777 690 3840; x_wconf 86' lang='lat' dir='ltr'>pnps</span> <span class='ocrx_word' id='word_1_233' title='bbox 718 3757 834 3821; x_wconf 87' lang='lat' dir='ltr'>bellum</span> <span class='ocrx_word' id='word_1_234' title='bbox 861 3757 1006 3834; x_wconf 79' lang='lat' dir='ltr'>moverit,</span> <span class='ocrx_word' id='word_1_235' title='bbox 1033 3755 1238 3818; x_wconf 86' lang='lat' dir='ltr'>resistendum</span> 
     </span>
     <span class='ocr_line' id='line_1_39' title="bbox 321 3838 1238 3920; baseline -0.002 -17"><span class='ocrx_word' id='word_1_236' title='bbox 321 3843 419 3903; x_wconf 82' lang='lat' dir='ltr'>estet</span> <span class='ocrx_word' id='word_1_237' title='bbox 448 3843 528 3903; x_wconf 86' lang='lat' dir='ltr'>sicut</span> <span class='ocrx_word' id='word_1_238' title='bbox 558 3848 662 3904; x_wconf 86' lang='lat' dir='ltr'>munst</span> <span class='ocrx_word' id='word_1_239' title='bbox 662 3861 696 3903; x_wconf 89' lang='lat' dir='ltr'>ro</span> <span class='ocrx_word' id='word_1_240' title='bbox 649 3841 834 3904; x_wconf 85' lang='lat' dir='ltr'>tfurioso</span> <span class='ocrx_word' id='word_1_241' title='bbox 857 3846 889 3903; x_wconf 90' lang='lat' dir='ltr'>et</span> <span class='ocrx_word' id='word_1_242' title='bbox 917 3838 1063 3920; x_wconf 89' lang='lat' dir='ltr'>obsesso,</span> <span class='ocrx_word' id='word_1_243' title='bbox 1091 3860 1145 3902; x_wconf 91' lang='lat' dir='ltr'><strong>seu</strong></span> <span class='ocrx_word' id='word_1_244' title='bbox 1166 3858 1238 3903; x_wconf 88' lang='lat' dir='ltr'>vere</span> 
     </span>
     <span class='ocr_line' id='line_1_40' title="bbox 320 3920 818 4019; baseline 0.002 -30"><span class='ocrx_word' id='word_1_245' title='bbox 320 3920 521 4019; x_wconf 71' lang='grc'><strong>6166666666</strong></span> <span class='ocrx_word' id='word_1_246' title='bbox 811 3969 818 3977; x_wconf 86' lang='lat'>-</span> 
     </span>
    </p>

    <p class='ocr_par' dir='ltr' id='par_1_17' title="bbox 383 4005 1237 4097">
     <span class='ocr_line' id='line_1_41' title="bbox 383 4005 1237 4097; baseline -0.005 -24"><span class='ocrx_word' id='word_1_247' title='bbox 383 4010 434 4077; x_wconf 90' lang='grc'><strong>67.</strong></span> <span class='ocrx_word' id='word_1_248' title='bbox 455 4008 526 4071; x_wconf 85' lang='lat' dir='ltr'>Noir</span> <span class='ocrx_word' id='word_1_249' title='bbox 548 4009 629 4097; x_wconf 78' lang='lat' dir='ltr'>enim</span> <span class='ocrx_word' id='word_1_250' title='bbox 651 4012 699 4071; x_wconf 86' lang='lat' dir='ltr'><strong>est</strong></span> <span class='ocrx_word' id='word_1_251' title='bbox 720 4008 904 4089; x_wconf 76' lang='lat' dir='ltr'>episcopus,</span> <span class='ocrx_word' id='word_1_252' title='bbox 931 4025 1032 4087; x_wconf 89' lang='lat' dir='ltr'>neque</span> <span class='ocrx_word' id='word_1_253' title='bbox 1052 4005 1237 4089; x_wconf 69' lang='lat' dir='ltr'>haereticus,</span> 
     </span>
    </p>
   </div>
   <div class='ocr_carea' id='block_1_7' title="bbox 0 0 1588 4792">
    <p class='ocr_par' dir='ltr' id='par_1_18' title="bbox 0 0 1588 4792">
     <span class='ocr_line' id='line_1_42' title="bbox 0 0 1588 4792; baseline 0 0"><span class='ocrx_word' id='word_1_254' title='bbox 0 0 1588 4792; x_wconf 95' lang='lat' dir='ltr'><strong> </strong></span> 
     </span>
    </p>
   </div>
  </div>
 </body>
</html>
