3159 4792
379 482 443 552 376
680 488 835 559 Disputatio
854 488 889 545 D.
909 490 944 544 u.
963 490 990 544 1..

420 678 472 741 22.
502 674 682 739 Haereticus
715 677 773 740 dici
808 697 872 741 non
900 684 1016 763 potest,
1050 680 1102 759 qui
1137 687 1308 761 praecepta

382 779 510 841 operum
534 758 637 821 divina
658 762 888 844 transgreditur.
1402 808 1403 815 ,

423 846 472 908 23.
494 842 674 905 Haereticus
696 844 756 906 dici
777 865 841 908 uon
862 854 976 926 potest,
1000 847 1051 924 qui
1074 845 1238 906 articulum
1252 846 1306 906 ali·
1402 846 1403 885 ἐ

377 946 469 1007 quem
491 925 563 987 fidei
584 928 715 1007 ignorat
1402 938 1403 947 ¹

419 1009 470 1073 24.
492 1009 671 1071 Haereticns
694 1011 754 1072 dici
776 1011 883 1086 debet,
913 1012 964 1091 qui
987 1000 1140 1074 obstinate
1165 1020 1250 1073 errat
1273 1012 1302 1071 in
1402 1072 1403 1085 ,

372 1092 511 1157 articulo
533 1091 613 1170 fidei,
637 1100 668 1157 et
688 1095 768 1157 idem
791 1095 910 1156 asserit.

420 1178 471 1239 25.
504 1174 590 1236 Sicut
623 1184 832 1260 transgressor
865 1179 1023 1259 praecepti
1069 1177 1305 1258 magistratuum

377 1265 506 1320 estnon
530 1259 747 1337 seditiosnslt,
771 1262 843 1322 iicet
855 1267 973 1341 peccet,
999 1261 1098 1341 sitque
1110 1259 1297 1341 puniendus.
1402 1274 1403 1317 ἕ

418 1344 468 1405 26.
492 1341 553 1402 Sed
575 1344 626 1421 qui
650 1352 743 1426 negat
765 1352 818 1404 aut
838 1346 999 1425 impugnet
1022 1345 1255 1425 magistratum,
1277 1344 1304 1403 is

381 1432 427 1486 est
451 1424 627 1486 seditiosus.

419 1508 469 1574 27.
493 1508 569 1571 Oum
592 1509 736 1588 Papistae
759 1528 819 1569 uec
839 1508 947 1587 furem,
970 1528 1029 1570 uec
1050 1509 1223 1584 iatronem,
1247 1520 1306 1568 nco

380 1591 570 1667 adulterum,
592 1593 644 1670 qui
666 1598 767 1652 tumen
789 1594 821 1651 in
844 1590 950 1652 divina
971 1598 1140 1673 praecepta
1161 1598 1305 1671 peccaut,
1349 1636 1352 1641 -

380 1694 442 1737 non
465 1673 569 1735 dicant
589 1674 795 1751 haereticum,
829 1676 918 1735 sicuti
941 1696 1013 1736 vere
1035 1694 1136 1755 neque
1158 1675 1307 1735 haeretici

379 1758 424 1819 illi
448 1766 526 1818 suut.
1158 1800 1164 1817 .

420 1842 470 1904 28.
500 1840 609 1900 Merito
644 1841 722 1900 asini
759 1842 914 1901 asinorum
949 1839 1069 1901 dicendi
1101 1847 1189 1916 sunt,
1224 1838 1306 1919 quod

379 1923 553 1984 haereticos
576 1922 711 1983 clamant
733 1943 805 2003 eos,
836 1926 887 2002 qui
911 1931 1020 1984 contre
1042 1924 1235 1984 ceremonias
1260 1942 1307 1983 ec·

380 2006 495 2066 etesiae
517 2012 658 2087 peccant.

421 2092 471 2153 29.
502 2087 657 2168 Siquidem
680 2090 775 2149 asinis
797 2088 891 2170 digna
913 2097 961 2149 est
982 2090 1152 2168 sapientia,
1174 2090 1306 2150 matrici·
1402 2106 1403 2179 }

380 2172 468 2251 dam',
500 2172 682 2251 parricidam
697 2169 754 2251 ²),
791 2172 984 2234 sodomitam
1021 2172 1210 2233 haereticum
1244 2192 1306 2232 non

380 2254 458 2333 dici,
491 2263 523 2315 at
546 2262 723 2317 vescentem
746 2255 889 2317 carnibus
912 2262 1001 2316 sexte
1021 2255 1096 2316 feria
1119 2256 1307 2316 haereticum
1402 2288 1403 2333 7

380 2337 520 2399 indicari.

426 2423 474 2486 30.
504 2420 605 2481 Etiam
629 2423 697 2500 ipsa
718 2421 821 2501 Papae
844 2421 990 2493 ecclesia,
1019 2422 1160 2503 quamvis
1181 2422 1223 2481 sit
1246 2441 1306 2481 ma-

381 2504 563 2585 lignantium
585 2503 734 2577 ecclesia,
768 2511 870 2564 tamen
902 2505 1077 2585 coniugium
1108 2503 1306 2565 sacerdotum

381 2586 450 2646 sola
473 2586 566 2646 officii
589 2588 793 2666 suspensione
815 2586 949 2647 damnat.

421 2670 472 2733 31.
500 2668 651 2729 Concedit
677 2670 770 2749 igitur
790 2669 996 2737 Christianum
1024 2675 1056 2730 et
1084 2689 1147 2731 nou
1169 2669 1303 2731 haereti·

380 2770 449 2812 cum
476 2750 638 2813 dicendum
671 2772 754 2832 esse,
783 2751 920 2832 quisquis
954 2752 1147 2813 sacerdotum
1179 2752 1304 2813 duxerit
1402 2758 1403 2763 ’

381 2854 519 2898 uxorem.

421 2920 471 2983 32.
494 2918 597 2994 Quare
618 2935 677 2979 neo
698 2918 737 2978 ad
758 2919 910 2979 infernum
933 2917 1059 2979 damnat
1077 2919 1210 2978 animam
1227 2916 1305 2995 eius,

314 3067 319 3082 l
381 3002 423 3061 uti
446 3002 548 3063 solent
569 3002 715 3077 haeretici
738 3000 887 3063 damnari.
928 3010 930 3015 ’

423 3088 471 3150 33.
503 3085 654 3146 Concedit
675 3085 765 3145 simul
791 3081 1006 3167 (necessario)
1042 3102 1100 3143 nec
1130 3089 1229 3144 morte
1252 3104 1304 3165 pu·
1402 3100 1403 3117 ¹

380 3167 525 3228 ciendum
549 3187 628 3244 esse,
651 3168 706 3229 sed
727 3166 874 3248 adempto
898 3166 1047 3227 duntaxat
1073 3166 1176 3228 officio
1199 3167 1305 3246 rivere

381 3261 414 3310 ut
437 3249 642 3312 Christianum
665 3252 737 3311 sinit
760 3257 790 3312 et
813 3252 932 3313 fatetur.

423 3334 473 3398 34.
495 3332 597 3408 Quare
621 3342 735 3395 eertum
759 3341 822 3413 est,
845 3352 904 3395 nec
925 3332 1054 3395 mortale
1075 3339 1238 3413 peccatum
1260 3353 1304 3393 re-

381 3417 497 3495 putari,
526 3418 556 3581 ip
579 3418 648 3499 ipsa
669 3418 772 3498 Papae
794 3416 942 3495 ccclesia,
966 3417 992 3477 si
1015 3415 1160 3477 sacerdos
1183 3414 1306 3477 duxerit

383 3500 535 3560 uxorem³
552 3546 560 3563 .

453 3720 484 3788 1)
508 3722 536 3773 to
562 3722 627 3776 edit.
653 3724 769 3791 arigim,
795 3721 838 3775 ed.
860 3722 930 3779 1558
955 3720 1048 3777 etad.
1073 3721 1150 3776 den:
1178 3736 1235 3777 non
1263 3728 1306 3777 est

386 3791 544 3845 seditiosus.
581 3795 614 3862 2)
635 3794 665 3845 In
685 3795 742 3846 edit
770 3794 856 3863 crig.:
877 3792 1050 3863 patricidam.

451 3863 483 3927 3)
504 3863 535 3915 Io
555 3866 674 3919 editione
693 3865 824 3932 originali
835 3865 934 3917 harum
951 3866 1183 3933 propositionum,
1201 3865 1231 3915 ia
1250 3880 1306 3933 qua

381 3933 618 4004 quadraginta
643 3938 849 4005 propositiones
877 3936 1037 4002 traduntur,
1065 3936 1179 3989 ultimae
1204 3937 1244 3989 ita
1269 3936 1305 3989 le·

382 4009 501 4071 guntur:
