3159 4792
357 485 421 551 216
467 470 470 474 ’
626 485 752 554 Epistola
771 485 801 538 D.
821 484 899 538 Mart.
917 483 997 536 Lntlr.

358 675 431 756 quid
447 675 629 737 decernitur.
670 673 737 734 Neo
762 674 880 752 mirum,
903 671 1026 752 quondo
1045 671 1130 732 Eooii
1159 669 1284 732 menda

359 761 427 838 aiis,
449 756 702 836 simulationibus,
724 756 843 817 teohnis
856 757 960 817 omnia
979 756 1094 838 ubique
1116 761 1205 816 erant
1225 762 1285 815 tur·

359 843 527 918 batissima,
549 841 821 918 exuloeratissima,
844 840 1067 917 oonfirsissima,
1082 845 1123 914 ut,
1148 856 1285 918 quoeun-

360 945 420 1005 que
442 925 622 985 inclinasset
652 924 826 1001 sententia,
859 924 957 983 maius
990 928 1072 983 esset
1107 928 1286 982 exorturum

359 1007 550 1085 incendium,
574 1008 702 1088 gloriam
726 1008 817 1083 enim,
840 1007 1077 1067 nonveritatem
1100 1003 1287 1084 quaerebat,

362 1092 438 1152 nihil
459 1081 552 1151 etiam
574 1090 626 1150 hio
646 1091 746 1167 omisi,
768 1089 852 1169 quod
875 1109 895 1150 a
916 1109 965 1150 me
987 1088 1052 1150 fleri
1074 1095 1245 1168 oporteret.

441 1174 482 1234 Et
502 1174 621 1251 fateor,
657 1173 716 1234 hae
738 1172 904 1233 oooasione
937 1190 999 1234 non
1032 1191 1138 1252 parum
1162 1173 1288 1231 venisse

361 1257 400 1318 ad
423 1258 522 1317 luoem
545 1257 752 1318 Romanarum
780 1255 1039 1337 corruptelarum,
1077 1254 1184 1315 sedin
1215 1273 1288 1334 qua,

361 1342 387 1400 si
409 1339 481 1419 quid
503 1346 664 1420 peceatum
682 1345 739 1417 est,
761 1339 848 1399 anii
870 1338 962 1419 eulpa
983 1346 1039 1420 est,
1062 1339 1113 1418 qui
1136 1357 1216 1398 onus
1240 1357 1287 1396 su·

359 1442 416 1504 pra
437 1424 517 1484 vires
540 1424 720 1503 suscipiens,
742 1422 814 1482 dum
836 1422 965 1503 gloriam
979 1441 1064 1482 suam
1078 1421 1194 1481 furiose
1217 1440 1288 1500 oap-

359 1512 414 1584 tat,
435 1507 637 1588 ignominiam
657 1506 829 1566 Romanam
857 1507 886 1566 in
910 1512 1007 1566 totum
1030 1504 1135 1566 orbern
1158 1503 1289 1567 revelat.

444 1589 503 1650 Hie
520 1596 568 1651 est
587 1589 640 1650 ille
663 1589 761 1650 hostis
783 1596 863 1666 tuus,
887 1590 927 1648 mi
948 1589 1022 1665 Leo,
1044 1607 1099 1648 seu
1120 1588 1225 1668 potius
1239 1605 1289 1646 ou·

324 1683 343 1702 ’
360 1674 427 1734 riae
450 1680 540 1751 tuoe,
573 1673 663 1733 huius
686 1673 774 1732 unius
798 1672 942 1752 exemplo
965 1670 1083 1731 disoere
1113 1689 1291 1748 possumus,

360 1775 424 1821 uon
438 1774 507 1817 essa
522 1757 643 1818 hostem
659 1755 820 1816 adulatore
834 1755 1056 1816 nocentiorem.
1101 1753 1181 1828 Quid
1204 1755 1288 1813 enirn

362 1858 418 1898 sua
439 1838 619 1899 adulatione
641 1840 813 1918 promovit,
837 1840 895 1898 nisi
917 1837 1045 1914 malurn,
1080 1835 1163 1915 quod
1186 1836 1289 1896 nullus

362 1940 468 2002 regum
491 1940 677 2000 promovere
697 1922 868 2000 potuisset?
896 1921 993 1982 foetet
1014 1922 1094 1981 enim
1117 1919 1211 1979 hodie
1235 1939 1289 1980 no-

363 2022 431 2064 men
454 2004 615 2064 Romanas
647 2005 749 2063 euriae
777 2004 808 2063 in
837 2003 928 2080 orbe,
967 2009 998 2064 et
1019 2004 1145 2084 languet
1167 2003 1289 2082 papalis

363 2088 528 2164 autoritas,
550 2087 670 2147 famosa
691 2087 812 2148 inscitia
834 2087 916 2147 male
937 2086 1037 2163 audit,
1071 2104 1198 2166 quorum
1225 2086 1290 2145 uul-

361 2170 424 2229 lum
448 2168 638 2248 audiremus,
667 2170 693 2229 si
714 2169 825 2230 Eleoius
849 2168 951 2230 Caroli
973 2175 1004 2230 et
1025 2188 1125 2231 meum
1140 2168 1189 2228 de
1211 2187 1292 2248 paee

362 2253 525 2313 eonsilium
547 2271 609 2314 non
647 2251 817 2330 turbasset,
850 2252 880 2312 id
903 2252 987 2333 quod
1009 2271 1072 2313 non
1109 2251 1242 2313 obscure
1263 2257 1294 2312 et

362 2337 430 2417 ipse
452 2337 561 2409 sentit,
590 2355 660 2396 sero
684 2344 714 2398 et
736 2335 848 2396 frustra
869 2335 1045 2416 indignatus
1059 2335 1089 2415 1)
1115 2334 1291 2396 libellorum

362 2438 499 2480 meorum
521 2417 699 2480 editionem.
743 2419 812 2478 Hoo
828 2417 961 2480 debebat
971 2424 1034 2479 tum
1050 2419 1196 2498 cogitare,
1218 2437 1288 2478 oum

362 2507 445 2561 totus
465 2503 496 2560 in
519 2501 649 2582 gloriam
670 2502 748 2561 siout
768 2501 910 2563 hinniens
933 2502 1108 2562 emissarius
1127 2502 1288 2579 insaniret,

362 2601 463 2662 neque
484 2583 545 2644 alia
561 2602 651 2662 quam
670 2603 725 2644 sue
745 2585 776 2644 in
798 2591 839 2665 te,
861 2593 914 2646 tuo
937 2591 1040 2645 tamen
1053 2586 1188 2646 maximo
1211 2585 1289 2664 peri·

363 2665 432 2726 oulo
456 2673 623 2744 quaereret.
668 2666 819 2746 Sperabat
835 2668 930 2729 homo
951 2668 1134 2727 vanissimus
1157 2687 1205 2728 me
1229 2666 1288 2728 for·

362 2747 477 2808 midine
498 2750 631 2809 nominis
653 2751 696 2809 tui
719 2769 873 2811 oesourum
898 2755 929 2811 et
951 2751 1109 2812 taoiturum
1135 2754 1224 2828 (nam
1249 2748 1289 2810 de

361 2831 487 2911 ingenio
519 2837 550 2892 et
571 2832 742 2893 eruditione
774 2852 837 2894 non
872 2833 964 2894 oredo
997 2832 1079 2913 quod
1112 2851 1289 2912 praesump-

362 2915 473 2993 serit),
496 2934 579 2975 nuno
599 2935 667 2976 oum
690 2916 785 2977 nimio
808 2936 858 2977 me
881 2916 1036 2977 oonfldere
1060 2925 1091 2976 et
1111 2935 1223 2976 sonare
1245 2918 1288 2976 vi-

364 2996 445 3076 deat,
467 3000 740 3078 serapoenitentia
760 3001 938 3061 temeritatis
962 3019 1035 3060 suae
1056 2998 1200 3079 intelligit
1218 3017 1291 3060 esse

364 3082 396 3140 in
419 3082 519 3161 ooelo,
543 3082 594 3161 qui
616 3081 755 3162 superbio
775 3083 909 3162 resistat,
932 3089 963 3143 et
984 3088 1213 3162 praesumentes
1234 3081 1289 3142 hu·

369 3163 475 3239 miliet,
498 3166 522 3222 si
544 3170 647 3224 tamen
669 3165 822 3244 intelligit.

403 3245 485 3305 Nihil
509 3247 613 3324 itaque
632 3247 691 3307 hae
706 3246 914 3326 disputatione
932 3247 1185 3328 promoventibus
1196 3246 1289 3308 nobis

362 3328 421 3388 nisi
446 3329 593 3389 maiorem
628 3329 840 3390 confusionem
865 3331 1025 3391 Romanae
1059 3349 1185 3408 oausse,
1224 3331 1287 3390 iarn

362 3412 452 3472 tertio
476 3411 604 3471 Carolus
626 3411 763 3472 Miltitius
794 3419 898 3492 patres
920 3413 1035 3474 ordinis
1058 3433 1095 3474 oa
1116 3412 1192 3473 itulo
1215 3431 1289 3473 oon-

361 3501 507 3574 gregatos
529 3494 602 3568 adit,
625 3496 788 3555 eonsilium
811 3498 888 3575 petit
909 3433 1144 3576 componemfae
1164 3498 1289 3574 causae,

363 3595 442 3655 quae
462 3576 806 3638 iamdisturbatissima
844 3587 874 3639 et
907 3580 1169 3658 periculosissima
1194 3585 1288 3640 esset.

361 3659 521 3720 Mittuntur
552 3660 624 3720 hino
654 3660 782 3742 adme,
822 3682 890 3722 oum
923 3660 1036 3724 viribus
1059 3665 1088 3722 in
1126 3681 1175 3722 me
1202 3661 1289 3739 (Deo

361 3741 514 3822 propitio)
540 3762 601 3804 non
631 3745 671 3804 sit
691 3763 763 3824 spes
799 3744 976 3826 grassandi,
1010 3746 1128 3825 aliquot
1161 3745 1289 3807 celebri-

362 3844 431 3884 ores
469 3845 509 3885 ex
542 3825 617 3902 illia,
655 3828 705 3907 qui
740 3834 865 3907 petunt,
907 3838 939 3888 ut
978 3829 1087 3889 saltem
1126 3827 1173 3892 To
1196 3827 1231 3891 B.
1250 3823 1285 3902 ²)

435 3927 464 3996 ι)
484 3928 515 3980 In
535 3929 577 3981 eo.
598 3929 666 3986 1521
683 3915 870 3982 urniorum
890 3934 944 3985 est:
965 3932 1001 3982 in.
1040 3930 1072 3998 2)
1093 3929 1123 3983 rn
1143 3930 1186 3984 er.
1210 3929 1290 3986 1521:

360 3995 437 4052 Tuae
455 3999 644 4057 Beatitndinis.
