3159 4792
352 499 395 567 aa
604 497 858 571 *resonum
878 502 989 561 mass

349 689 473 750 toritate
494 689 566 749 riri:
609 687 694 749 Cave
714 687 855 765 llartine,
888 692 1016 769 experto
1046 687 1153 764 crede,
1174 686 1270 769 bomo

349 774 409 833 iste
440 771 515 839 nihil
542 772 601 831 nisi
630 770 783 833 dedocet
805 776 836 831 et
858 771 1029 847 simulatio,
1061 791 1124 832 non
1153 768 1270 831 credidi

350 857 412 933 eis,
439 873 498 915 neo
521 854 663 917 omnibus
684 854 825 916 sensibus
848 855 942 931 mais,
974 854 1048 915 licet
1069 854 1186 915 Eirasmi
1208 854 1270 934 epi·

349 938 431 999 stola
462 942 494 998 et
515 936 652 999 Udalrici
673 938 756 1016 Zasii
790 938 939 1019 apologia
961 956 1093 1021 quoque
1124 938 1217 998 talem
1240 944 1271 997 te

350 1021 424 1082 mibi
442 1022 624 1100 formarent,
657 1029 719 1082 tam
742 1028 921 1083 constanter
943 1020 981 1082 de
1004 1028 1034 1082 te
1062 1022 1196 1102 cogitavi
1218 1038 1271 1100 op-

350 1106 440 1182 time,
469 1124 625 1184 nunquam
647 1105 736 1166 aliter
757 1106 962 1186 cogitaturus,
984 1106 1043 1165 nisi
1062 1106 1124 1167 hoe
1145 1105 1271 1183 sterqui-

350 1189 425 1249 linio
456 1193 487 1247 te
514 1189 637 1269 publice
659 1188 725 1250 orbi
758 1188 946 1249 traduxisses
976 1188 1203 1251 odiosissimum
1234 1189 1272 1248 si·

350 1270 543 1332 mulatorem.

430 1353 499 1414 Huc
520 1356 665 1435 pertinet,
698 1354 785 1434 quod
813 1356 845 1414 in
866 1355 958 1415 foeda
981 1362 1012 1415 st
1034 1356 1191 1417 obscoena
1210 1356 1272 1435 epi-

350 1438 431 1500 stola
451 1457 526 1517 prae
546 1440 656 1499 ceteris
679 1438 786 1498 scribis
809 1436 848 1497 ad
871 1437 1058 1499 clarissimos
1080 1446 1151 1499 tuos
1171 1438 1273 1519 lugol-

351 1520 533 1599 stadiensss,
556 1524 633 1583 etsi
660 1523 734 1601 (pro
756 1522 933 1583 sinceritate
955 1523 1166 1601 apertissima)
1189 1522 1273 1582 forti-

351 1611 396 1665 ter
426 1604 550 1665 simulas
583 1611 646 1665 tete
678 1623 742 1665 non
770 1605 903 1665 iactasse
930 1605 1093 1677 victorias,
1127 1612 1158 1666 te
1189 1604 1273 1665 Gari·

350 1686 482 1749 stadium
503 1688 635 1749 traxisse
656 1687 695 1747 ad
718 1688 907 1749 nativitatem
922 1687 1013 1749 'liberi
1035 1688 1158 1766 arbitrii,
1181 1689 1273 1751 simul

350 1770 474 1849 dolens,
508 1770 592 1850 quod
619 1773 804 1853 permiseras
835 1771 862 1832 ei
885 1772 1005 1851 vesperi
1036 1774 1272 1852 responsionem

348 1855 435 1914 illam
457 1872 567 1934 parare
587 1856 754 1935 egregiam,
777 1873 838 1933 qna
860 1861 891 1915 te
913 1856 1048 1914 omnium
1069 1854 1184 1917 iudicio
1205 1854 1290 1931 redg

350 1938 414 2017 egit
431 1936 474 2033 ad
492 1936 630 2033 nibilum,
652 1938 808 2017 sicutipse
822 1936 985 1999 confiteris.
1019 1938 1052 2003 In
1070 1957 1144 2013 nno,
1159 1938 1274 2017 inquis,

348 2018 1044 2165 ttttlctff⁸¹¹tztlt⁸tlttltnt
1065 2020 1275 2181 titt

350 2185 421 2265 quid
444 2192 533 2265 putas
554 2185 667 2246 factum
689 2185 815 2260 fuisset,
838 2186 863 2246 ai
886 2187 1004 2263 omnia,
1019 2189 1111 2248 *sicut
1132 2187 1273 2264 decebat,

349 2269 458 2331 eadem
481 2267 704 2330 deliberatione
720 2268 750 2349 1)
775 2277 864 2349 gesta
885 2269 1035 2330 fuissent?
1068 2273 1146 2331 siout
1169 2270 1273 2341 lauda»

348 2354 484 2413 tissimus
505 2353 649 2432 princeps
671 2353 742 2412 Dux
763 2351 918 2433 Georgius
945 2352 1110 2432 ordinarat,
1133 2355 1185 2433 qni
1208 2370 1271 2415 non

349 2437 406 2496 nisi
436 2436 596 2496 veritatem
629 2436 733 2514 quaeri
761 2434 876 2513 voluit,
913 2438 1092 2514 et-·omnia,
1126 2454 1205 2517 quae
1234 2436 1272 2497 ad

348 2519 409 2579 boc
429 2536 519 2597 quam
548 2520 664 2598 optime
692 2517 845 2596 valerent,
873 2538 963 2598 quam
986 2525 1033 2598 tu,
1067 2519 1151 2581 bone
1177 2520 1272 2599 Deus,

349 2620 440 2681 quam
459 2602 579 2661 sincere
598 2602 629 2661 in
643 2608 726 2661 tuam
741 2607 858 2681 partem
872 2601 990 2678 laudas,
1011 2602 1165 2682 videlicet,
1188 2604 1272 2683 quod

349 2685 485 2765 optimae
521 2685 630 2765 optimi
662 2684 809 2764 Principis
848 2685 1015 2745 voluntatis
1054 2686 1133 2747 toles
1162 2686 1272 2747 sinistis

348 2776 554 2828 exsecutores.

432 2847 513 2924 Quid
535 2856 567 2910 tu
589 2850 706 2910 faceres
727 2870 785 2930 pro
800 2851 928 2911 veritate
950 2852 1112 2930 sincerum,
1136 2854 1186 2933 qni
1208 2872 1272 2913 non
1373 2852 1382 2859 “

346 2933 448 2995 solnm
463 2933 654 2995 machinatus
668 2953 702 2994 es
723 2952 792 2993 curn
816 2934 885 3010 tuis,
908 2954 949 2994 ne
961 2933 1130 2997 deliberate
1153 2942 1185 2995 at
1206 2935 1270 2997 dili·

347 3023 456 3102 genter
477 3018 639 3098 proposita
667 3018 780 3078 veritas
811 3023 1020 3097 quaereretur,
1053 3018 1108 3079 sed
1130 3019 1272 3099 gloriaris

348 3101 439 3161 etiam
476 3102 508 3162 in
528 3100 589 3160 bac
611 3100 727 3161 malitia
747 3106 858 3179 potens
880 3101 911 3159 in
936 3102 1106 3181 iniquitate,
1128 3101 1159 3162 id
1181 3104 1273 3164 unice

347 3184 528 3262 querulosa,
558 3183 697 3243 nonnihil
726 3182 929 3266 periclitatam
950 3183 1032 3244 hanc
1052 3190 1135 3245 tuam
1158 3186 1272 3246 machi·

346 3266 442 3327 nam?
460 3266 539 3326 Nam
552 3273 586 3325 et
597 3265 719 3345 publica
730 3264 763 3325 id
777 3264 919 3326 indicasti
932 3267 1067 3348 querela,
1091 3286 1158 3341 oum
1165 3286 1272 3348 paene

347 3348 485 3429 plorares
514 3348 600 3407 illum
628 3347 773 3409 habuisse
803 3349 961 3429 exemplar
987 3353 1113 3430 notarii,
1147 3370 1222 3411 oum·
1238 3360 1270 3413 tu

346 3434 467 3492 interim
510 3430 685 3491 laudabaris
724 3430 919 3510 Lipsensibus
957 3434 1031 3512 tuis,
1073 3434 1157 3514 quod
1193 3430 1270 3495 nihil

348 3522 484 3576 moratus
505 3514 709 3593 exemplario,
738 3515 830 3574 stiam
853 3513 932 3576 bene
954 3523 1045 3597 potus
1062 3536 1171 3598 posses
1195 3518 1271 3579 nihi·

348 3599 480 3659 lominus
518 3598 769 3657 victoriosissime
804 3598 938 3660 clamare
975 3600 1149 3680 (disputare
1184 3601 1270 3663 volui

284 3745 288 3753 ,
347 3680 480 3760 diceret,
503 3686 535 3741 et
548 3680 704 3759 quomodo
718 3700 781 3741 non
795 3700 915 3762 posses,
940 3684 990 3763 qui
1004 3682 1122 3765 fingere
1138 3684 1271 3765 quodvis
1318 3756 1323 3767 Ι

336 3764 402 3844 ,tibi
423 3764 705 3846 praesumpsisses?
727 3771 759 3825 ct
778 3764 880 3825 adbuc
901 3773 1039 3847 apertum
1064 3774 1095 3829 et
1115 3769 1269 3831 sincerum

345 3847 436 3909 nobis
457 3847 583 3909 Eccium
607 3846 749 3909 omnibus
770 3854 878 3909 notum
901 3848 1048 3913 obtrudis.

382 4036 413 4103 1)
433 4036 463 4088 ln
482 4035 524 4089 ad.
545 4038 628 4106 crim:
647 4029 823 4089 liberatione.
