3159 4792
352 500 416 567 464
663 504 822 575 Disputatio
839 506 870 559 o.
889 506 925 561 tt.
942 504 975 563 Ι..

416 692 465 757 37.
499 690 575 752 Gurn
609 692 684 754 nihil
712 692 813 773 possit
845 693 944 773 magis
979 692 1041 754 diei
1076 692 1276 772 haereticum,

353 793 444 855 quam
467 774 631 835 humanam
654 783 793 837 naturam
816 794 886 837 esse
907 783 1025 836 vestem
1047 776 1226 837 divinitatis.

414 860 462 923 38.
486 857 556 919 Nou
578 860 659 919 enim
683 860 778 919 vastis
793 866 825 919 et
844 878 957 939 eorpus
978 860 1274 921 constituuntanam

353 960 538 1021 personam,
569 942 648 1003 siout
669 942 753 1003 Deus
784 948 816 1003 et
840 942 936 1004 homo
964 944 1156 1004 constituunt
1183 962 1275 1003 unam

353 1044 528 1105 personam.

414 1110 463 1173 39.
489 1107 607 1169 Tamen
635 1107 772 1187 piissima
802 1108 937 1169 sensisse
964 1107 1140 1189 sedulium,
1169 1116 1274 1169 oetera

352 1192 489 1253 earmina
510 1188 643 1270 probant
663 1189 904 1252 evidentissime.

415 1276 465 1339 40.
494 1271 611 1333 Eadem
642 1274 761 1334 ratione
794 1274 982 1335 haereticum
1010 1282 1094 1335 esset
1114 1274 1273 1354 vulgatum

352 1356 443 1418 illud:
470 1355 551 1417 Tota
571 1357 689 1417 trinitas
711 1362 840 1437 operata
862 1365 911 1419 est
930 1359 1175 1419 ineamationem
1197 1358 1277 1433 Filii,

353 1441 432 1501 siout
452 1439 533 1501 duae
555 1439 676 1519 puellae
699 1442 819 1501 tertiam
840 1440 980 1519 induunt,
1001 1441 1070 1521 ipsa
1091 1440 1184 1502 simul
1205 1460 1275 1501 sese

352 1523 510 1586 induente.

414 1610 465 1671 41.
489 1607 535 1667 lta
554 1604 736 1669 Scholastioi
759 1603 863 1686 aliqui,
884 1606 955 1667 dum
980 1606 1148 1669 divinitatis
1171 1614 1203 1667 et
1224 1607 1274 1666 hu-

354 1691 509 1751 manitatis
529 1687 740 1750 habitudinem
761 1691 898 1751 sentiunt
918 1688 1050 1750 similem
1072 1710 1141 1751 esse
1170 1692 1276 1750 unioni

353 1774 472 1835 formae
494 1771 533 1833 ad
557 1773 727 1850 materiam,
746 1792 811 1833 non
832 1779 962 1853 possent
983 1772 1116 1834 defendi.

415 1875 465 1937 42.
494 1872 555 1933 Alii
584 1878 692 1934 eontra
721 1892 790 1934 esse
822 1872 1031 1935 habitudinem
1059 1872 1191 1933 similem
1215 1892 1278 1933 ma-

353 1958 449 2019 teriae
471 1955 510 2017 ad
531 1956 681 2035 formam,
704 1957 802 2019 multo
825 1958 976 2037 ineptius,
998 1958 1025 2017 si
1046 1955 1220 2017 iudioentur
1239 1957 1278 2015 ri-

353 2040 434 2121 gide,
457 2040 632 2118 loquuntur.

416 2125 466 2188 43.
488 2122 597 2202 Neque
617 2122 671 2183 illa
693 2124 885 2204 consisteret,
906 2121 958 2183 nbi
986 2121 1177 2183 divinitatem
1202 2123 1277 2203 igni,

354 2214 386 2267 et
405 2206 626 2267 humanitatem
648 2207 727 2267 ferro
751 2206 900 2286 similant,
929 2206 1051 2267 etiamsi
1078 2207 1117 2265 sit
1138 2204 1278 2285 puloher-

354 2292 432 2352 rima
454 2289 630 2353 similitudo.

416 2375 466 2438 44.
493 2372 602 2453 Neque
623 2372 707 2434 illam
729 2371 810 2432 ferre
831 2371 952 2449 liceret,
975 2390 1066 2450 quam
1089 2371 1279 2431 Athanasius

354 2459 456 2538 ponit:
481 2456 566 2518 Siout
585 2457 688 2516 anima
708 2454 867 2516 rationalis
885 2464 915 2515 et
933 2473 1005 2515 earo
1022 2474 1101 2516 unus
1113 2460 1161 2516 est
1170 2454 1277 2533 homo,

351 2542 395 2601 ita
418 2542 501 2603 Deus
524 2546 555 2600 et
576 2538 670 2599 homo
694 2558 771 2599 unus
794 2545 842 2597 est
864 2537 1011 2598 Christus.

416 2623 467 2687 45.
497 2622 612 2682 Omnes
635 2622 716 2683 enim
739 2632 855 2701 negant
876 2620 1031 2681 Christum
1053 2640 1124 2682 esse
1145 2639 1276 2701 oompo·

354 2708 455 2782 situm,
478 2706 535 2765 etsi
557 2706 754 2765 constitutum
779 2704 942 2765 affirmant.

415 2792 463 2854 46.
486 2788 569 2849 Nulli
586 2806 659 2849 vero
673 2788 817 2849 insulsius
829 2787 1005 2867 loquuntur,
1023 2804 1115 2866 quam
1124 2786 1277 2865 Moderni,

354 2893 432 2955 quos
464 2878 594 2948 vooant,
629 2873 680 2952 qui
709 2872 845 2932 omnium
879 2871 988 2931 volunt
1019 2869 1219 2932 subtilissime
1245 2878 1279 2931 et

353 2958 564 3039 propriissime
585 2955 670 3035 loqui
693 2954 799 3016 videri.

415 3044 464 3105 47.
487 3040 525 3100 lli
547 3038 661 3115 dieunt,
682 3038 848 3099 humanam
871 3040 1011 3097 naturam
1033 3037 1197 3097 sustentari
1220 3055 1276 3096 seu

354 3124 541 3206 suppositari
563 3142 582 3183 a
603 3122 707 3183 divina
728 3127 847 3199 natura,
870 3139 925 3180 seu
946 3122 1106 3199 supposito
1129 3119 1244 3182 divino.

415 3231 466 3295 48.
495 3229 563 3289 Hos
591 3235 622 3289 et
650 3233 832 3309 portentose
864 3225 991 3305 dieitur,
1023 3232 1055 3287 et
1081 3225 1166 3306 cogit
1193 3244 1276 3307 pene

353 3312 451 3374 Deum
472 3312 557 3375 ¹velut
578 3314 702 3392 portare
725 3308 775 3370 vel
798 3314 921 3391 gestare
942 3309 1173 3371 humanitatem.

414 3419 464 3482 49.
495 3416 555 3479 Sed
590 3436 698 3478 omnes
727 3415 772 3476 illi
802 3424 886 3478 reate
914 3422 945 3477 et
967 3415 1119 3477 o'atholioe
1140 3415 1275 3496 sapiunt,

351 3503 424 3565 ideo
447 3501 654 3564 condonanda
675 3505 723 3561 est
742 3499 803 3560 illis
824 3499 1023 3562 ineommoda
1043 3498 1171 3563 locutio.

415 3608 463 3670 50.
488 3602 567 3677 Quia
587 3622 651 3663 rem
673 3600 860 3663 ineffabilem
882 3600 1030 3662 volebant
1044 3598 1139 3678 effari,
1162 3597 1275 3659 deinde

353 3689 452 3751 omnis
475 3686 641 3747 similitudo
664 3684 826 3762 elaudioat,
848 3702 906 3745 neo
929 3702 1062 3763 unquam
1083 3684 1134 3764 (ut
1149 3681 1271 3759 dieunt)

352 3772 445 3832 ourrit
465 3774 596 3848 quatuor
617 3767 756 3849 pedibus.

415 3856 465 3918 51.
487 3851 602 3913 Sinon
623 3852 735 3932 planet,
756 3852 807 3912 vel
828 3869 893 3910 non
906 3848 1167 3929 intelligiturista,
1190 3847 1274 3909 Ohri·

353 3945 418 3999 stus
440 3936 606 3997 seeundum
624 3934 712 4015 quod
735 3934 837 3997 Homo
867 3940 916 3995 est
943 3940 1100 4011 ereatura,
1133 3930 1275 3993 eonsule-

353 4025 402 4081 tur
422 4022 648 4100 grammaticus.
