3159 4792
355 505 421 573 410
657 506 815 579 oppanso
834 508 866 565 ιι.
884 508 920 565 ιι
938 508 969 567 ι.

420 698 472 763 88.
491 695 610 760 Tenen
631 696 677 757 itti
698 702 771 758 sunt
790 716 874 759 nno
893 696 1138 776 benennom,
1166 702 1200 757 et
1221 703 1284 758 tam

364 782 415 861 qni
438 787 567 862 cogunt,
600 800 691 860 quarn
719 787 751 841 st
771 783 823 861 qui
844 800 880 842 se
902 782 974 862 oogi
995 783 1100 842 sinunt
1126 780 1167 842 sd
1189 782 1282 841 omis·

360 866 489 945 sionem,
512 866 645 925 seientes
667 862 706 923 ad
727 865 825 943 impia
845 882 881 925 se
901 882 1016 944 nogara
1037 871 1069 925 et
1089 866 1172 943 engi.

420 949 470 1013 89.
493 946 572 1008 Nem
593 948 636 1007 iiii
658 948 709 1026 qui
731 953 850 1028 oognnt
869 966 932 1009 non
951 948 1011 1008 hoe
1035 955 1154 1008 tentum
1177 952 1283 1028 agunt,

360 1038 394 1092 ut
415 1031 522 1092 fideles
544 1031 575 1090 in
599 1030 732 1091 aeolesia
754 1033 898 1091 omittant
919 1032 1144 1091 institutionem
1157 1030 1283 1107 Christi.

422 1117 472 1179 90.
494 1113 555 1175 Sed
577 1114 638 1175 hoo
658 1119 770 1195 egunt,
803 1123 837 1175 ut
858 1114 1059 1175 omissionem
1081 1113 1284 1174 institutionis
1394 1124 1399 1135 ·

360 1196 540 1273 institisset,
583 1202 614 1256 et
646 1204 807 1257 coactores
843 1196 1028 1259 bsoeiaeers
1063 1195 1283 1275 ooniitasutnr‚

361 1281 428 1361 quis
452 1280 512 1340 hos
533 1279 724 1341 Christianus
746 1279 848 1341 ferat?
921 1321 927 1331 ι
1272 1354 1278 1361 ¹

421 1365 470 1427 91.
491 1363 557 1423 Imo
585 1361 668 1441 quod
695 1361 869 1424 horribilius
905 1370 968 1440 set,
1000 1369 1117 1443 oogunt
1145 1381 1219 1439 eos,
1252 1369 1284 1421 ut

359 1446 511 1508 Ohristum
534 1446 738 1524 haeretioum,
767 1453 799 1507 et
827 1447 1050 1508 institutionem
1078 1446 1145 1507 eine
1173 1445 1277 1506 hoere-

359 1530 451 1590 tioam
470 1548 540 1591 esse
561 1528 725 1590 affirment.
899 1542 902 1548 ’

421 1616 470 1677 92.
495 1612 614 1673 Deinde
636 1618 669 1673 ut
688 1611 765 1673 tales
787 1613 960 1673 haeretieos
984 1613 1077 1673 etism
1096 1630 1283 1691 persequan-

359 1702 410 1757 tur
449 1704 481 1756 et
518 1694 676 1774 oooidsnt,
715 1702 748 1755 ut
781 1701 813 1756 et
849 1695 1088 1757 constantiense
1116 1694 1283 1755 eonsilium

380 1798 470 1840 rasos
493 1781 526 1840 it.

358 1800 378 1860 p
421 1798 584 1937 93.pQuod
607 1860 804 1941 exemplum,
833 1862 858 1921 si
890 1862 936 1923 eis
965 1859 1168 1937 oonoedatur,
1207 1878 1283 1920 mox

359 1964 450 2026 quem
479 1942 607 2025 primurn
640 1951 787 2024 poterunt
813 1944 965 2005 statium
997 1943 1159 2005 ιιιίοιιιιιιιι
1191 1943 1284 2003 iurari

360 2028 530 2105 tentabunt,
553 2028 685 2106 primurn
706 2027 840 2105 quadarn
862 2027 925 2088 lert
945 2027 1125 2089 omissione.

423 2112 472 2175 94.
495 2111 570 2171 Post
602 2110 802 2189 praevalente
831 2110 1056 2171 oomuetudine
1083 2126 1153 2169 eum
1187 2110 1217 2169 vi
1239 2128 1285 2169 ra·

360 2196 456 2275 pient,
477 2200 512 2254 et
532 2199 687 2273 potestate
711 2192 954 2272 oonfirmabunt‚
975 2194 1057 2254 siout
1075 2194 1108 2253 in
1130 2192 1195 2255 hoo
1215 2193 1286 2252 arti-

360 2278 431 2339 euto
454 2278 602 2339 feserunt.

423 2364 473 2427 95.
495 2359 582 2422 Tune
603 2364 712 2420 iterum
743 2362 801 2421 erit
833 2357 1049 2430 sedenduml)
1079 2364 1112 2419 et
1139 2357 1286 2420 obedies-

361 2444 432 2510 dum
455 2444 603 2524 potestati
625 2443 811 2521 mundanae,
833 2448 944 2504 eontra
964 2442 1074 2502 Deum

423 2528 473 2591 98.
494 2526 561 2587 Heu
580 2527 702 2586 ratione
723 2525 790 2602 flet,
814 2533 848 2586 ut
870 2526 1009 2586 Christos
1036 2524 1154 2585 nulium
1175 2526 1282 2585 artion-

361 2610 434 2687 iuro,
450 2608 710 2687 nullumverbum‚
733 2607 1134 2669 nullumusumineeolaeia
1142 2609 1286 2669 retinen.

424 2694 473 2755 97.
495 2690 572 2751 Tum
595 2689 806 2773 superbissimi
829 2700 958 2753 setsuee
970 2689 1137 2773 pontifioes
1158 2690 1285 2751 tandem

362 2774 531 2836 eooissinnr
549 2783 671 2858 cogent,
694 2794 757 2835 non
778 2770 987 2856 indulgentias
1009 2794 1081 2836 snas
1110 2781 1231 2835 tanturn
1254 2780 1286 2834 et

361 2858 423 2919 aiio
443 2858 598 2920 horrende
620 2878 675 2919 sua
698 2858 862 2919 mendacia
882 2857 1024 2919 adorere.

423 2943 473 3006 98.
496 2941 559 3003 fleo
579 2942 658 3003 torta
678 2948 713 3001 st
740 2943 889 3022 erepitnm
918 2942 1055 3016 ventris,
1083 2947 1115 3000 at
1141 2939 1285 3001 nidorem

361 3026 535 3086 oaloeorum
579 3035 610 3085 et
642 3025 755 3106 pedum
791 3044 916 3085 suorum
951 3025 1118 3085 virentium
1153 3022 1287 3083 adorare

361 3114 484 3189 nogent,
508 3110 586 3169 sieut
601 3107 772 3169 docuerunt
781 3108 932 3170 haetenus
945 3114 1136 3173 mortuorum
1154 3106 1285 3167 sudores

362 3197 394 3252 et
413 3192 550 3252 foetores
572 3190 711 3255 adorare.
1014 3206 1020 3215 ’

424 3274 473 3337 99.
496 3274 655 3355 Principiis
677 3275 769 3356 igitur
791 3273 975 3335 obstandum
997 3276 1061 3350 ast,
1090 3278 1123 3333 et
1154 3291 1195 3332 ne
1220 3272 1287 3333 iota

362 3356 485 3437 quidem
513 3357 573 3417 illis
600 3357 638 3419 de
669 3358 764 3419 verbo
791 3364 823 3417 et
852 3358 991 3417 instituto
1020 3356 1077 3417 Dei
1104 3355 1169 3416 ulio
1211 3374 1285 3417 oon·

361 3438 544 3504 sedendum.

404 3526 473 3589 100,
496 3522 634 3584 OErnistrrs
664 3524 746 3583 enim
768 3522 995 3599 nobissimi,
1024 3521 1126 3583 donee
1151 3519 1299 3581 fideliter-

363 3624 431 3666 eurn
454 3606 589 3668 confessi
610 3607 774 3685 fuerimus,
804 3607 856 3686 qui
889 3613 921 3667 st
943 3606 1061 3685 inospit
1086 3610 1119 3665 st
1146 3603 1288 3685 perficiet

363 3706 441 3774 opus
463 3707 552 3751 suuni
575 3691 607 3751 in
628 3688 718 3751 nobis
740 3690 771 3749 in
794 3688 898 3768 finam,
916 3689 1025 3753 Amen.

366 3893 784 3907 mm*-

437 4029 467 4100 1)
488 4032 520 4085 In
538 4032 582 4087 ed.
603 4032 673 4089 1558
691 4036 719 4087 et
737 4032 779 4087 ed.
799 4032 875 4088 ten-r
893 4028 1073 4092 ιιοάιιιιιιιι.
