3159 4792
377 1268 577 1399 Epistola
612 1265 816 1398 Iohannis
853 1265 971 1398 deaii
1011 1265 1131 1397 Sedis
1166 1263 1299 1397 lapi·
1396 1191 1397 1238 ἔ

464 1389 602 1478 stmae
631 1382 809 1492 Nonou,
840 1385 1014 1501 nt1pse
1044 1380 1213 1490 scr1b1t‚

375 1616 488 1691 inviti,
535 1615 699 1698 descripta
731 1616 771 1681 ab
810 1615 915 1698 ipsius
954 1615 1171 1698 autographo,
1219 1631 1300 1697 quae

377 1697 520 1774 docebit,
559 1717 653 1780 qnam
673 1716 754 1764 vera
774 1699 822 1766 sit
845 1697 998 1782 epistola,
1034 1715 1165 1780 qaama
1187 1695 1301 1778 dipsis

377 1779 638 1863 Vnitsmbergsm
665 1782 816 1864 scripsit,
847 1799 911 1864 qua
939 1799 973 1846 se
995 1781 1136 1846 invitum
1157 1780 1208 1847 alt
1229 1797 1301 1846 sus·

377 1866 499 1947 cepisse
528 1881 642 1930 munus
678 1863 854 1947 legationis
891 1863 1048 1930 adversus
1070 1862 1297 1931 Luthemmll

735 2079 944 2090 Μ

462 2192 615 2286 Salutem.
658 2224 752 2284 Venit
772 2224 813 2284 ad
834 2243 883 2284 me
905 2225 934 2283 in
965 2225 1090 2303 itinere,
1123 2221 1304 2304 dignissime

378 2307 539 2384 Vinaria),
569 2314 638 2367 tuus
660 2308 812 2367 lohannes
835 2307 993 2384 Ulrichus,
1032 2308 1228 2388 pervenimus
1253 2326 1303 2367 au-

381 2393 500 2471 spicato
533 2391 572 2450 ad
606 2390 730 2452 Urbem.
774 2389 1050 2452 occultanti.
1082 2388 1239 2466 librumb)
1266 2389 1303 2450 de

379 2476 511 2555 primatu
533 2473 624 2532 Petri.
667 2472 736 2548 Qua
759 2479 860 2534 autem
883 2473 1072 2536 humanitate
1094 2473 1228 2534 fueritin
1254 2493 1302 2532 me
1396 2541 1397 2544 Ἴ

378 2565 409 2617 et
431 2559 470 2615 sit
491 2575 627 2615 summus
649 2556 802 2635 Pontifex,
826 2564 929 2635 quae)
955 2555 1302 2622 Cardinalessseveren-

378 2638 790 2717 drssrmr,1ucupdiusfuerit
812 2658 916 2700 coram
930 2641 1069 2720 recitare,
1092 2658 1183 2719 quam
1197 2639 1303 2699 charta
1396 2677 1397 2730 p

378 2729 499 2782 mortua
521 2720 698 2802 depingere.
891 2737 893 2740 ’

459 2803 620 2882 Minutod)
645 2813 754 2865 contra
775 2804 940 2866 Lutherum
963 2813 1010 2865 est
1032 2812 1198 2885 concepta,
1233 2823 1303 2885 pro·
1396 2799 1397 2834 ³

376 2890 461 2948 ximo
486 2887 679 2948 Consistorio
693 2887 899 2950 cardinalium
918 2887 1107 2970 expedietur,
1133 2895 1164 2948 et
1176 2890 1201 2946 si
1216 2887 1303 2950 Eccii

379 2971 580 3049 consiliume)
605 2977 750 3049 sequetur
771 2973 992 3051 sanctissimus,
1016 2978 1088 3032 tunc
1109 2989 1217 3032 omnes
1230 2970 1305 3031 Gar·
1396 2977 1397 3026 ξ

377 3054 496 3115 dinales
533 3064 564 3115 et
592 3052 735 3136 omness)
760 3053 909 3135 Episcopi
936 3074 970 3114 se
998 3053 1200 3116 subscribent.
1245 3054 1304 3114 Bo·
1396 3055 1397 3088 ³

376 3159 448 3198 num
462 3138 496 3217 a]
521 3137 577 3197 fuit
598 3157 647 3197 me
669 3140 791 3197 venisse
814 3138 873 3197 hoe
895 3147 1034 3217 tempore
1053 3138 1195 3215 Romam,
1219 3135 1304 3216 quod
1396 3167 1397 3196 r

376 3221 427 3280 alii
450 3239 555 3299 parum
579 3229 788 3300 pernoverant
810 3218 972 3295 erroresh)
997 3219 1198 3282 Lutheranos.
1238 3219 1303 3281 Ali·
1396 3239 1397 3258 ³

376 3303 499 3383 quando
522 3304 626 3363 omnia
649 3304 766 3382 audies5
788 3323 868 3383 quae
890 3303 1040 3384 egerimil
1065 3304 1095 3364 in
1117 3302 1176 3363 hac
1198 3321 1304 3366 causa.

414 3512 443 3570 ll
466 3509 538 3562 llaec
549 3510 666 3577 epistola
676 3518 739 3562 cuin
750 3511 824 3562 notis
836 3510 954 3577 repetita
964 3513 1007 3560 esi
1017 3524 1054 3560 ex
1064 3507 1129 3578 edit.
1146 3504 1209 3560 «Iera
1222 3505 1305 3562 1556.

414 3583 445 3645 a)
466 3581 539 3634 Nota
559 3583 678 3634 Vicani
698 3583 842 3649 antiquum
866 3581 1021 3632 vocativum
1042 3581 1121 3634 iuxta
1135 3577 1306 3646 analogiam.

376 3653 598 3722 b)Proditurum
622 3652 657 3704 in
671 3653 760 3704 lucem
780 3652 813 3704 sd
835 3650 964 3704 calendas
984 3665 1107 3720 graecas.
1130 3651 1160 3716 c)
1175 3650 1223 3702 Ait
1232 3650 1304 3702 latro

376 3724 567 3778 adlatronem.
588 3723 621 3793 d)
634 3725 837 3786 Rectellinuta.
858 3723 922 3791 quid
933 3725 1007 3775 enim
1017 3721 1099 3774 Bulla
1109 3724 1305 3790 contemptius.

376 3799 408 3863 e)
429 3796 582 3865 Odignum
602 3796 816 3864 Agamemnona
831 3793 988 3850 Nestorem.
1024 3797 1049 3859 l)
1071 3793 1188 3860 Scilicet,
1208 3800 1239 3845 nt
1259 3809 1307 3845 nu-

377 3883 454 3919 mero
484 3870 681 3936 suffragiorum
712 3869 838 3919 vincatur
868 3865 1011 3919 Lutherus.
1049 3869 1081 3934 g)
1104 3864 1182 3918 Alias
1211 3871 1306 3917 sctum

376 3941 474 3991 luisset
501 3941 535 3993 de
567 3941 689 4008 Papistis.
726 3939 760 4004 h)
782 3939 900 3992 Errores
927 3938 1009 3990 Eccic
1035 3935 1135 3991 iudice.
1184 3939 1209 4002 i)
1233 3937 1308 3990 Licet

377 4012 488 4063 invitus.
