3159 4792
340 506 385 571 34
517 585 520 592 Ι
551 507 594 563 Ad
614 507 1017 581 Asgorrronmrssnssmram

343 691 541 769 haereticum,
563 711 654 772 qnam
677 692 736 754 nisi
757 690 960 772 prohibueris,
982 711 1043 773 ago
1058 698 1097 755 te
1117 710 1185 755 oum
1204 692 1265 757 aa·

343 776 391 836 oio
414 782 467 837 tuo
489 774 672 854 haereticos,
694 774 880 841 Arianorum
903 781 1068 855 patronos,
1102 776 1265 840 Romanae

343 858 497 921 ecclesiae
517 858 783 939 blasphematores
805 858 1037 938 pronunciabo,
1071 864 1164 938 atque
1185 858 1265 923 haee

343 960 406 1006 non
427 940 564 1019 lubrico,
583 941 745 1022 ambiguo,
767 941 942 1021 simulato,
975 940 1031 1003 sed
1063 948 1171 1023 aperto
1203 960 1264 1007 sar·

342 1042 444 1088 mone.
831 1060 832 1069 κ

426 1106 502 1185 Scis,
532 1099 623 1186 quam
647 1108 860 1173 dissimulabat
882 1114 950 1167 tuus
978 1106 1148 1187 theologus
1165 1106 1266 1170 fortis·

343 1191 437 1249 simus
458 1190 537 1249 hacc
558 1190 701 1268 audiens,
719 1209 811 1270 quam
833 1190 998 1271 fugitabat,
1026 1208 1118 1269 quarn
1144 1190 1266 1269 quoeri-

343 1272 438 1351 tabat,
461 1292 551 1351 quam
574 1274 732 1355 reptabat,
752 1281 785 1340 et
807 1280 911 1338 tamen
932 1272 1030 1343 hodie.
1046 1272 1149 1341 adhuc
1169 1278 1263 1351 tacet,

342 1354 399 1420 sed
435 1362 467 1418 et
500 1362 532 1415 tu
564 1355 749 1417 fortissimus
776 1356 943 1436 discipulus
960 1355 1044 1421 ‘cius
1072 1355 1191 1417 fortiter
1223 1354 1265 1417 nd

220 1442 225 1449 ’
344 1438 423 1499 haec
444 1447 538 1512 taces,
559 1441 610 1517 qui
633 1446 736 1500 tamen
759 1438 959 1501 conciliorum
978 1440 1264 1519 interpretationem

310 1558 314 1561 -
343 1519 434 1582 nobis
453 1522 500 1590 ius
523 1521 657 1582 divinum
680 1523 798 1601 fecisti„
812 1523 899 1601 quasi
918 1522 972 1585 hio
992 1540 1056 1585 non
1079 1524 1174 1589 totius
1194 1540 1266 1587 aaa·

344 1622 397 1665 sae
420 1623 540 1666 summa
561 1605 704 1685 pendeat.
741 1605 814 1667 Alia.
835 1623 909 1665 vero
922 1606 996 1665 satis
1019 1605 1115 1673 multa
1135 1604 1266 1683 copiose

345 1686 470 1766 affertis,
493 1707 554 1767 quo
576 1688 699 1751 interim
720 1688 800 1749 haec
820 1686 1056 1768 praeterfluunt,
1087 1688 1196 1767 quibus
1219 1706 1266 1749 ur-

343 1770 408 1852 geri
429 1789 485 1831 vos
508 1770 638 1834 sentitis.
803 1822 806 1831 ,
1014 1848 1016 1855 y
1213 1810 1225 1829 „

429 1852 500 1933 Ipsa
521 1854 677 1913 vixrisum
700 1860 808 1915 tenere
821 1853 918 1933 potui,
942 1872 1009 1913 cnm
1024 1851 1160 1933 legerem
1181 1871 1266 1933 mag·

346 1934 469 1997 nilicam
492 1941 575 1996 tuam
597 1937 866 2014 exclamationem,
889 1934 1072 1997 Omiserum
1086 1936 1265 2015 Lntherum,

345 2019 370 2077 si
394 2018 592 2080 exsecrandis
626 2027 658 2079 et
691 2018 949 2094 abominabilibus
977 2019 1108 2080 istorum
1135 2019 1265 2101 piaculis

344 2099 499 2180 confisus,
532 2120 569 2161 ac
590 2121 653 2163 non
681 2103 784 2182 potius
806 2102 870 2182 iugi
892 2100 1115 2183 scripturarum
1138 2100 1266 2163 madita-

346 2184 431 2244 tione
462 2184 572 2263 fretus,
612 2204 680 2246 cum
710 2184 877 2260 fortissimo
921 2184 1139 2265 theologorum
1168 2183 1266 2248 Eccio

345 2286 480 2347 pugnam
501 2265 597 2331 ineat.
640 2268 726 2343 Quos
745 2268 806 2348 bio,
825 2267 986 2335 confutas?
1003 2267 1190 2334 „Bohemorr
1223 2267 1268 2329 Ar

346 2351 414 2429 quis
436 2350 490 2411 tibi
513 2350 590 2411 dixit
610 2350 681 2414 illos
703 2352 735 2410 in
763 2351 825 2412 hoo
859 2370 965 2429 orare,
996 2350 1080 2429 quod
1106 2350 1267 2413 crederent

344 2452 395 2493 me
417 2432 602 2494 confisurum
624 2436 686 2496 suis
708 2434 858 2513 piaculis?
881 2432 942 2494 Sed
961 2433 1156 2497 Stesichorus
1177 2452 1268 2501 meua,

344 2518 388 2575 ita
409 2516 488 2575 inter
509 2517 660 2598 vituperio
681 2524 713 2579 et
733 2516 841 2579 laudes
861 2517 985 2578 Martini
1006 2516 1150 2595 fluctuat,
1173 2524 1207 2577 ut
1229 2514 1269 2581 ab

345 2596 421 2660 ebrii
442 2599 635 2661 sermonibus
657 2619 720 2661 non
743 2601 872 2662 multum
894 2599 1036 2679 abludat,
1059 2606 1099 2678 et,
1121 2605 1270 2679 quantum

233 2692 236 2697 ·
345 2680 460 2756 audin,
508 2683 584 2743 velis
635 2702 685 2761 me
728 2682 842 2746 fiducia
884 2682 1051 2745 meditatae
1094 2681 1271 2763 Scripturac

365 2784 385 2823 u
409 2755 493 2826 nard.

343 2784 363 2844 p
386 2782 408 2845 g
429 2846 504 2922 Quis
523 2866 657 2926 unquam
680 2848 811 2909 feliciter
831 2849 990 2928 pugnavit,
1013 2848 1054 2910 mi
1064 2847 1184 2927 Dmser,
1206 2849 1269 2912 suis

344 2930 439 2991 fretus
462 2938 516 2991 aut
537 2929 684 2999 doctrinis
704 2938 759 2994 aut
780 2930 910 3011 viribus,
938 2932 998 2993 nisi
1028 2931 1107 2993 forta
1130 2939 1162 2993 tn
1183 2931 1271 2996 solus

345 3015 376 3073 in
398 3014 458 3074 hac
479 3013 635 3095 epistola?
656 3014 805 3095 Dgoscio
821 3012 911 3075 illud:
933 3014 1084 3084 Dominus
1104 3020 1270 3084 conterens

345 3096 443 3176 bella,
467 3105 497 3158 et
518 3096 699 3159 illndludic.
722 3104 758 3163 ὃς
780 3098 933 3161 Dominus
955 3098 1023 3177 ipse
1046 3097 1212 3177 dimicavit,
1229 3103 1296 3161 -et'

346 3180 385 3241 de
408 3179 498 3240 coelo
521 3181 697 3248 dimicatum
736 3187 785 3245 est
811 3186 918 3242 contra
948 3199 1011 3241 eos.
1060 3181 1179 3261 Neque·
1198 3200 1278 3247 cum.

347 3263 543 3341 fortissimis,
575 3282 676 3341 neque
698 3281 766 3323 cum
787 3260 1003 3325 infirmissimi
1030 3283 1165 3344 unquam
1193 3284 1270 3345 pug-

346 3365 421 3405 nare
443 3344 540 3422 volui,
561 3364 654 3408 omne
676 3346 868 3425 propositum
891 3346 947 3407 fuit
968 3347 1001 3407 in
1022 3348 1136 3428 angulo
1161 3348 1268 3411 latera.

347 3427 437 3488 Nunc
454 3435 556 3495 autem
580 3430 671 3489 unica
693 3426 1087 3511 schedula'dispntatoria,
1104 3430 1206 3501 {velut
1219 3429 1269 3496 la·

347 3513 428 3572 oinia
449 3510 677 3591 apprehensus,
700 3520 731 3573 et
751 3514 782 3573 in
804 3510 959 3593 publicum
982 3514 1122 3593 pervim
1144 3520 1269 3592 tractus,

285 3609 289 3613 ·
345 3595 471 3655 Domini
493 3594 652 3668 voluntate
673 3596 717 3655 ita
737 3594 851 3675 factum
874 3596 1019 3676 credens,
1048 3598 1114 3659 ‘non
1142 3596 1273 3675 timebo,

348 3678 388 3737 mi
409 3676 533 3755 Ilmscr,
563 3697 622 3739 nec
643 3678 842 3742 fortissimum
879 3696 938 3741 nac
958 3680 1187 3753 vocalissimum
1210 3679 1270 3747 un·

349 3762 428 3819 cium
443 3774 537 3843 tuum,
560 3762 641 3821 sicut
650 3780 710 3824 nec
731 3768 761 3828 te
772 3762 1075 3843 impotentissimum,
1097 3769 1150 3839 aut
1173 3762 1270 3829 ulium

349 3841 593 3905 indoctissimum
629 3851 842 3923 contemnam,
876 3852 949 3905 tuno
982 3864 1068 3919 vero¹
1092 3847 1184 3907 miser
1216 3864 1277 3909 cro,

350 3923 516 4005 Lutherus‘,
545 3928 571 3986 si
593 3934 646 3987 tuo
669 3928 800 3989 oonsilio
825 3927 1024 3987 meditatione
1048 3927 1271 4007 scripturarum

350 4007 446 4071 fretus
467 4029 614 4091 pugnem,
636 4028 674 4070 no
694 4029 758 4071 non
781 4008 967 4091 potinoiide
990 4012 1147 4090 operantu
1167 4012 1203 4077 in
1220 4029 1273 4071 me
