3159 4792
534 515 572 598 de
591 527 843 581 communicatione
861 526 1036 583 idiomatum.
1154 492 1157 497 ι
1191 530 1253 597 461

327 717 485 855 transpss,
521 729 677 791 nunquam
708 713 867 793 invenias,
898 712 980 775 idem
1003 732 1073 775 csse
1095 731 1201 775 verum
1222 716 1253 775 in

327 812 411 854 ornnr
434 812 478 858 us.
775 846 776 849 ,

389 879 439 941 39.
466 876 589 951 Quanto
613 878 718 938 minus
748 884 853 959 potest
880 878 962 939 idem
990 898 1060 940 esse
1091 898 1197 941 verum
1221 882 1252 940 in

328 959 524 1040 philosophia
547 966 578 1021 et
600 961 772 1043 theologia,
808 981 934 1042 quarum
969 961 1125 1023 distinctio
1154 965 1186 1023 in
1208 964 1253 1024 in·

329 1041 446 1102 finitum
468 1043 567 1104 maior
590 1050 646 1122 est,
669 1063 759 1124 quarn
782 1046 892 1107 artium
915 1052 947 1107 et
969 1065 1107 1126 operum.

391 1127 442 1189 40.
470 1126 595 1188 Rectius
629 1146 703 1207 ergo
733 1129 912 1206 fecerimus,
948 1130 974 1189 si
1002 1126 1164 1189 dialectica
1199 1149 1255 1189 seu

328 1208 526 1288 philosophia
547 1210 578 1269 in
607 1229 664 1271 sua
691 1211 826 1291 sphaera
845 1212 959 1272 relictis
993 1211 1146 1272 discemus
1169 1212 1254 1291 loqui

328 1291 417 1351 novis
439 1292 552 1371 linguis
574 1294 605 1353 in
628 1312 725 1374 regno
747 1293 821 1356 fidei
843 1300 1067 1355 extraomnem
1080 1296 1252 1375 sphaeram.

296 1425 300 1431 .
390 1376 440 1437 41.
469 1375 595 1455 Alioqui
623 1376 755 1439 futurum
785 1384 847 1458 est,
875 1385 910 1437 ut
941 1378 1047 1437 vinum
1077 1374 1192 1439 novum
1221 1380 1254 1441 in

329 1462 411 1518 utres
433 1464 554 1519 veteres
577 1460 744 1538 mittamus,
766 1467 798 1521 et
819 1467 981 1540 utrumque
1009 1459 1187 1541 perdamus,
1220 1469 1253 1522 ut

330 1538 472 1607 Sorbcna
489 1541 574 1614 lecit.

392 1624 440 1688 42.
471 1623 609 1684 Affectus
641 1623 712 1686 fidei
746 1624 937 1687 exercendus
973 1632 1021 1686 est
1052 1627 1083 1686 in
1118 1627 1254 1687 articulis

330 1703 411 1783 fidei,
434 1724 496 1767 non
520 1707 693 1768 intellectus
715 1708 944 1791 philosophias,
968 1716 1031 1770 tum
1045 1728 1118 1770 vere
1130 1712 1254 1789 scietur,

331 1788 404 1868 quid
427 1791 479 1869 sit,
501 1790 634 1852 Verbum
658 1808 730 1853 coro
753 1791 868 1853 factum
890 1798 946 1853 est.

330 1971 558 2051 Disputatio
593 1972 841 2055 Theologica
877 1974 915 2038 R.
950 1970 984 2035 Ρ.
1022 1973 1060 2034 D.
1091 1972 1254 2033 Martini

680 2055 901 2140 Lutheri*),

331 2170 421 2246 Quod
443 2172 474 2231 in
499 2170 619 2233 Christo
653 2170 732 2233 duae
761 2184 889 2236 naturae
917 2174 978 2233 sint
1005 2173 1110 2234 divina
1144 2179 1175 2232 et
1203 2172 1255 2231 hu-

386 2274 477 2315 mana
500 2256 545 2315 sic
567 2256 686 2333 unitae,
705 2262 739 2317 ut
762 2257 900 2317 Christus
923 2258 963 2317 sit
986 2275 1047 2317 una
1066 2274 1208 2337 persons.

461 2372 537 2433 ltem
560 2373 599 2433 de
622 2375 903 2436 communicatione
924 2373 1117 2437 idiomatum.

414 2494 442 2553 1.
465 2489 556 2551 Fides
570 2489 724 2550 catholiea
738 2490 817 2553 haec
829 2498 885 2572 est,
908 2498 942 2552 ut
951 2492 1119 2554 Dominum
1128 2490 1156 2573 ¹)
1171 2490 1255 2551 Chri·

331 2580 409 2635 stum
433 2573 634 2634 confiteamur
655 2593 761 2634 verum
784 2576 882 2636 Deum
905 2581 937 2636 et
958 2576 1125 2640 hominem.

414 2658 442 2722 2.
463 2656 511 2716 Ex
533 2656 592 2716 hoc
615 2659 744 2719 veritate
765 2660 909 2735 geminae
931 2659 1122 2721 substantiae
1145 2665 1176 2719 et
1193 2659 1255 2717 nni-

331 2747 395 2801 tate
416 2758 568 2820 personae
590 2741 727 2817 sequitur
747 2741 817 2827 illa,
848 2760 928 2821 quae
957 2741 1068 2805 dicitur
1089 2743 1256 2803 communi-

333 2824 413 2885 catio
435 2823 628 2883 idiomatum.
748 2874 749 2877 ,

415 2908 444 2971 3.
473 2906 513 2967 Ut
540 2924 588 2982 ea,
617 2924 696 2984 quse
725 2914 797 2966 sunt
818 2905 970 2987 hominis,
998 2915 1082 2969 reete
1111 2907 1149 2968 de
1175 2908 1256 2985 Deo,

333 2996 363 3051 et
385 2997 521 3066 econtra,
544 3006 623 3067 quae
644 2988 702 3048 Dei
725 2995 806 3067 sunt,
828 2988 867 3050 de
888 2989 1015 3051 homine
1037 2991 1185 3051 dicantur.

416 3074 445 3136 4.
474 3072 556 3131 Vere
585 3070 707 3131 dieitur:
739 3071 802 3133 lste
828 3072 923 3134 homo
955 3074 1071 3134 creavit
1099 3071 1256 3151 mundum,

334 3162 365 3217 et
386 3155 470 3216 Deus
492 3156 550 3215 iste
573 3161 621 3215 est
641 3174 764 3235 passus,
786 3162 936 3235 mortuus,
959 3156 1098 3239 sepultos
1123 3162 1182 3217 ete.

416 3244 444 3304 5.
467 3238 538 3299 Non
556 3244 661 3298 tamen
682 3238 761 3299 hsce
782 3244 850 3300 rata
871 3240 996 3299 suntin
1018 3238 1180 3301 abstractis
1207 3243 1257 3317 (ut

334 3320 461 3405 dicitur)
485 3321 639 3382 humanae
660 3328 799 3383 naturae.

416 3408 446 3470 6.
473 3403 543 3465 Non
566 3405 647 3465 enim
670 3404 774 3466 dicere
797 3405 885 3485 licet,
912 3406 1050 3472 Christus
1073 3413 1121 3467 est
1141 3407 1259 3485 sitiens,

335 3508 452 3568 servos,
475 3493 623 3567 mortuus,
646 3507 719 3568 ergo
744 3493 790 3549 est
812 3489 888 3568 sitis,
910 3491 1051 3566 servitus,
1075 3508 1167 3551 mors.

416 3576 446 3637 7.
474 3569 564 3633 Unde
586 3577 618 3632 et
637 3570 691 3631 illa
714 3570 893 3651 damnatur,
924 3572 1062 3635 Christus
1084 3579 1132 3633 est
1152 3573 1256 3635 lroma·

334 3656 425 3733 nitas,
449 3655 569 3716 etiarnsi
593 3653 720 3732 dicatur,
743 3653 881 3716 Christus
903 3663 951 3717 est
970 3656 1124 3717 divinitas.

417 3740 447 3803 8.
474 3738 560 3798 Licet
586 3739 680 3799 homo
710 3744 741 3799 et
766 3737 940 3801 hnmanitas
968 3742 1031 3801 sint
1063 3739 1140 3800 alias
1168 3758 1259 3821 syno-

334 3841 437 3903 nyma,
459 3823 537 3881 sicut
561 3820 644 3882 Deus
667 3827 698 3883 st
719 3820 873 3886 divinitas.

389 3976 420 4042 ¹⁵)
441 3975 616 4029 Germanice:
641 3976 746 4030 Wsloh.
766 3976 796 4027 T.
816 3976 841 4028 X
860 3991 886 4044 p.
905 3975 940 4032 76
959 3976 1082 4034 et1372.
1155 3946 1165 3971 r

408 4049 442 4114 1)
462 4047 649 4103 inediam:
669 4064 754 4102 unum
774 4047 934 4102 Dominum.
