3159 4792
571 505 607 562 de
620 509 752 566 mmm
769 510 933 569 chunanus.
1152 525 1215 597 247

286 695 462 774 posteriora
484 701 518 758 ot
536 695 652 776 libera,
675 702 794 761 tantum
816 697 856 760 ad
878 699 1008 766 aliorum
1032 700 1213 780 obsequium

286 785 317 838 et
338 779 519 858 exemplum
542 778 634 842 faeta.
1210 833 1213 836 .

369 861 570 939 Tabuerant,
594 881 674 942 quae
696 869 727 923 et
747 863 859 926 Paulus
883 865 973 930 Rom.
997 869 1045 932 13.
1068 872 1099 926 et
1121 863 1212 940 Titl)

285 949 314 1010 3.
336 946 509 1024 praecepit,
532 951 566 1005 ut
585 946 790 1024 potestatibus
814 947 926 1011 subditi
948 950 1019 1028 sint,
1042 955 1073 1010 et
1094 947 1133 1008 ad
1151 967 1214 1010 om·

286 1048 325 1090 ne
349 1047 430 1107 opus
453 1027 569 1088 bonnm
591 1029 700 1108 parati,
722 1048 786 1090 non
802 1038 901 1111 ntper
922 1032 983 1093 hoc
1004 1031 1215 1109 iustificantur,

285 1130 356 1172 cum
377 1113 440 1171 iam
462 1111 534 1170 insti
555 1112 617 1170 siut
638 1131 677 1171 ex
700 1111 777 1189 fide,
809 1113 864 1174 sed
888 1116 971 1174 utin
993 1116 1133 1194 libertate
1155 1115 1214 1194 spi·

284 1195 361 1257 ritus
385 1213 442 1275 per
462 1194 542 1254 baec
561 1194 629 1256 aliis
651 1202 682 1254 et
703 1197 908 1274 potestatibus
932 1202 1097 1278 servirent,
1137 1197 1212 1272 et²)

285 1297 395 1340 eorum
417 1277 570 1338 voluntati
594 1279 729 1356 gratuita
750 1281 878 1342 caritate
900 1280 1152 1361 obsequerentur.

369 1360 459 1420 Talia
483 1362 621 1440 oportuit
658 1379 727 1422 esse
764 1369 796 1422 ct
829 1365 969 1426 omnium
1001 1365 1215 1445 collegiorum,

287 1444 568 1520 monasteriorum,
599 1442 858 1525 sacerdotumque
886 1466 996 1526 opera,
1033 1447 1216 1526 utquisque

287 1547 365 1588 suae
388 1526 589 1606 professionis
613 1533 646 1588 et
666 1534 763 1587 status
795 1547 890 1607 opera
919 1530 1017 1590 solum
1040 1531 1071 1590 in
1094 1530 1154 1590 hoc
1175 1530 1216 1594 ia-

286 1616 388 1686 ceret,
423 1615 457 1671 ut
477 1629 532 1688 per
552 1609 631 1670 hacc
651 1629 714 1673 non
736 1611 900 1687 iustitiam,
933 1612 987 1674 sed
1011 1614 1148 1694 corporis
1168 1613 1216 1674 sni

288 1693 514 1755 subiectionem
537 1698 710 1770 exerceret,
742 1692 810 1752 aliis
832 1695 864 1757 in
886 1695 1079 1775 exemplum,
1112 1697 1217 1774 quiet

286 1778 347 1857 ipsi
377 1795 457 1855 opus
480 1774 595 1839 babent
616 1777 755 1854 corporis
777 1778 823 1836 sui
846 1779 1065 1858 castigatione:
1103 1777 1215 1840 deindo

286 1869 321 1920 nt
337 1859 408 1919 aliis
431 1859 582 1919 duntaxat
603 1856 862 1938 obsequerentur,
886 1861 1054 1922 adseram
1076 1862 1214 1922 volunta·

288 1951 361 2020 tem,
385 1943 519 2022 gratuita
542 1942 678 2020 caritate,
698 1941 761 2002 hoo
781 1948 884 2004 tamen
898 1963 1022 2024 semper
1043 1948 1075 2006 et
1096 1963 1215 2004 summa

287 2045 363 2091 cara
385 2024 562 2101 observato,
584 2043 625 2084 ne
646 2023 852 2088 vanafiducia
873 2036 1059 2106 praesumat,
1081 2028 1216 2108 peripsa

288 2107 462 2190 quiequa³)
486 2106 658 2185 iustificari,
677 2109 805 2186 mereri,
827 2117 881 2170 aut
902 2111 1006 2172 salvus
1024 2111 1109 2182 deri,
1131 2108 1215 2190 quod

286 2193 384 2255 soiius
406 2190 479 2251 fidei
500 2196 556 2266 est,
580 2198 614 2250 ut
635 2191 759 2270 saepius
780 2189 855 2253 dixi.

374 2273 497 2353 Siquis
520 2293 595 2353 ergo
616 2273 697 2334 hanc
718 2274 878 2335 scientiam
903 2275 1046 2355 haberet,
1068 2274 1159 2336 facile
1181 2293 1215 2336 se

288 2363 400 2439 posset
418 2376 526 2437 gerere
561 2357 637 2418 citra
657 2357 825 2436 periculum
849 2359 880 2420 in
904 2357 1030 2420 infinitis
1050 2359 1109 2419 illis
1132 2377 1215 2418 mau-

288 2442 368 2516 datie
403 2449 435 2500 et
472 2441 645 2520 praeceptis
678 2459 800 2519 papae,
842 2443 1078 2521 episcopcrum,
1109 2459 1213 2502 mona·

288 2527 465 2600 steriornrn,
486 2522 703 2602 ecclesiarum,
725 2524 897 2605 principum
919 2532 952 2586 et
974 2527 1216 2606 magistratuum,

289 2627 369 2689 quac
392 2607 487 2685 aliqui
509 2605 593 2666 stulti
614 2612 756 2686 pastores
778 2607 824 2666 sio
843 2620 974 2688 urgent,
1004 2609 1091 2688 quasi
1113 2607 1152 2668 ad
1174 2609 1217 2668 iu-

288 2693 405 2755 stitiam
427 2696 460 2750 et
479 2689 609 2752 salntem
633 2690 694 2749 sint
714 2692 900 2765 necessaria,
922 2693 1115 2772 appellantes
1139 2688 1214 2765 ea4)

289 2780 459 2856 praecepta
480 2771 642 2847 ecclesiae,
666 2790 735 2832 cum
757 2774 819 2836 sint
840 2773 915 2835 nihii
937 2776 1048 2838 minus.
1093 2774 1216 2836 Christi-

290 2878 367 2918 anus
398 2856 480 2916 enim
501 2855 577 2916 liber
610 2855 656 2914 sic
677 2855 776 2916 dicet:
815 2857 897 2937 Ego
913 2859 1074 2933 ieiunabo,
1111 2857 1217 2934 orabo,

290 2942 351 3002 boc
374 2947 407 3000 et
426 2939 488 3000 hoc
498 2939 618 3012 faciam,
641 2937 725 3016 quod
740 2957 797 3017 per
810 2939 950 3000 homines
973 2940 1149 3000 mandatnm
1162 2946 1219 3015 est,

291 3044 353 3086 non
383 3021 468 3101 quod
497 3021 570 3081 mihi
591 3021 646 3081 illo
668 3022 708 3082 sit
729 3039 807 3100 opus
829 3021 868 3082 ad
890 3023 1034 3082 iustitiam
1057 3024 1148 3095 aut⁵J
1172 3039 1218 3080 sa-

290 3108 401 3183 lntem,
424 3102 480 3166 sed
500 3103 585 3182 quod
606 3105 638 3163 in
659 3104 721 3164 hoc
743 3123 859 3166 morem
882 3123 986 3185 geram
1009 3123 1127 3184 papae,
1149 3103 1217 3182 epi-

293 3208 408 3270 scopo,
431 3187 643 3248 communitati
664 3186 708 3247 iiii
730 3188 827 3248 atilli
849 3189 1053 3268 magistratui,
1077 3194 1129 3248 aut
1150 3203 1218 3267 pcc

292 3275 376 3333 ximo
400 3289 470 3331 meo
504 3269 543 3329 ad
566 3269 759 3349 exemplum,
795 3271 905 3332 faciam
930 3279 960 3332 et
980 3273 1080 3351 patiar
1104 3271 1217 3345 omnia,

292 3357 372 3418 sicut
393 3354 530 3414 Christus
559 3353 632 3416 mihi
655 3352 760 3413 multo⁴
772 3354 860 3433 plura
882 3355 954 3416 fecit
976 3362 1006 3414 et
1028 3374 1136 3434 passus
1161 3357 1216 3426 est,

293 3456 423 3518 quornm
444 3438 512 3515 ipse
532 3435 618 3496 nulio
640 3455 765 3516 prorsus
797 3437 924 3517 egebat,
960 3438 1059 3498 factus
1092 3439 1219 3518 propter

292 3541 342 3582 me
363 3520 421 3581 sub
442 3520 530 3598 lege,
553 3537 621 3578 cum
644 3538 708 3580 non
731 3526 814 3579 esset
836 3521 891 3582 sub
913 3521 1000 3602 lege3
1025 3523 1057 3581 et
1078 3518 1217 3598 quamvis

294 3604 415 3685 tyranni
436 3603 497 3660 vim
520 3607 574 3661 aut
593 3601 735 3661 iniuriam
747 3602 863 3663 faciant
883 3602 944 3664 hoc
964 3605 1133 3684 exigentes,
1156 3618 1219 3660 uon

296 3694 398 3747 tamen
421 3683 555 3762 nocebit,
579 3683 679 3745 donec
701 3692 809 3746 contra
831 3687 929 3746 Deum
952 3705 1014 3747 non
1036 3686 1136 3745 fucrit.

375 3769 427 3828 Ex
446 3769 483 3828 iis
507 3766 649 3828 omnibns
667 3768 797 3846 quisquc
811 3771 925 3848 poterit
937 3777 1053 3828 certum
1075 3766 1219 3828 iudicium

368 3915 398 3978 l)
419 3913 450 3965 In
470 3912 512 3965 ed.
525 3915 612 3971 1521:
631 3915 752 3967 Timoth.
770 3911 796 3967 3.
834 3911 866 3976 2)
887 3910 918 3963 In
938 3909 981 3963 ed.
994 3907 1056 3962 Jcn.
1077 3907 1221 3972 deestzct·
1242 3905 1243 3910 ’

298 3982 379 4110 {Ege
395 3983 466 4111 eetdit.
487 3985 569 4043 1521:
589 3989 746 4057 quisquam.
783 3981 816 4051 4)
836 3981 906 4036 ibid.
927 3981 1016 4034 deest:
1039 3995 1079 4034 aa.
1116 3980 1148 4048 b)
1169 3973 1221 4032 ibi-
