3159 4792
579 516 613 571 de
631 517 759 572 libertem
777 517 943 572 Christiana.
1154 515 1217 584 225

292 723 329 764 en
352 703 419 783 tibi,
442 703 535 766 erede
554 704 762 784 montinum,
782 705 814 766 in
837 723 898 784 quo
916 707 1132 786 promittuntur
1154 706 1219 785 tibi,

291 789 479 868 gretiam'),
500 788 662 866 iustitium,
690 807 815 868 penem,
837 788 1025 866 libertatem,
1052 799 1084 850 et
1106 790 1220 867 omnin,

290 871 316 930 ri
328 869 444 949 credie,
467 869 605 950 hebebis,
627 872 655 933 si
667 890 730 932 nnn
744 871 854 950 eredis,
876 871 1003 937 uerebis.
1046 873 1124 932 Nam
1137 871 1219 951 quod

290 952 345 1016 tibi
367 951 559 1034 impossibile
580 960 629 1014 eet
648 955 679 1014 in
701 955 849 1017 universis
867 955 1010 1034 operibus
1032 955 1119 1036 segis,
1141 973 1221 1035 quae

292 1036 391 1098 muln
423 1044 496 1098 runt
516 1042 547 1098 et
566 1043 669 1098 temen
690 1037 827 1114 inutilie,
855 1037 935 1098 finili
958 1037 1143 1119 compendio
1167 1038 1221 1098 im·

291 1119 393 1200 plebis
432 1139 487 1200 per
518 1119 625 1182 iidem:
658 1121 731 1199 quin
751 1121 835 1180 Deus
858 1121 947 1181 Pater
969 1124 1073 1182 omnin
1104 1123 1133 1198 iu
1157 1121 1218 1182 fide

291 1203 411 1283 posuit,
444 1210 494 1281 ut,
513 1204 650 1282 quisquis
668 1203 751 1264 hnnn
776 1203 931 1282 hebuerit,
968 1206 1072 1265 omniu
1094 1204 1218 1280 hebeat,

291 1287 344 1365 ¹qui
382 1305 447 1348 non
482 1283 637 1366 hebuerit,
672 1285 746 1346 nihil
777 1285 900 1348 hubent.
943 1287 1103 1348 Conclurit
1136 1289 1217 1348 enim

292 1371 402 1430 omnin
430 1368 487 1430 rub
515 1368 745 1447 incredulitate,
783 1378 816 1430 ut
852 1371 988 1430 omnium
1029 1372 1218 1446 miserentur,

290 1453 390 1520 Rom„
414 1455 462 1516 11.
515 1451 566 1514 Sir
593 1453 746 1532 promisee
779 1452 837 1514 Dei
871 1452 932 1514 hun
964 1453 1096 1532 donent,
1136 1453 1218 1532 quod
1305 1467 1307 1476 ‘

293 1541 466 1616 praeeepte
486 1536 629 1615 exigunt,
662 1543 694 1596 et
715 1536 860 1614 implent,
883 1537 965 1614 quod
989 1537 1039 1596 lex
1066 1537 1166 1614 iubet,
1189 1543 1221 1596 ut

291 1620 354 1680 rint
384 1618 490 1678 omnia
511 1619 608 1680 nouus
629 1619 702 1696 Dei,
735 1625 797 1678 tem
819 1625 987 1698 praecepte
1009 1628 1040 1678 et
1059 1618 1219 1699 plenitudo

291 1719 420 1779 eorum,
454 1701 521 1780 ipre
540 1700 626 1762 eolus
647 1701 812 1780 praecipit,
845 1701 930 1760 solus
959 1721 1081 1781 quoque
1103 1702 1219 1782 implet.

291 1783 367 1846 ideo
381 1785 535 1864 promisee
548 1784 606 1844 Dei
628 1785 781 1863 pertinent
800 1782 839 1846 ud
850 1802 963 1844 novum
978 1785 1219 1862 Testamentum,

291 1870 356 1928 inre
380 1874 452 1927 eunt
473 1886 588 1928 novum
608 1867 849 1928 Testamentum.

377 1951 455 2012 Cum
499 1957 602 2010 nutem
639 1950 717 2012 hren
748 1951 902 2030 promisse
939 1951 998 2012 Dei
1034 1952 1095 2010 siut
1127 1949 1220 2012 verbe

291 2041 414 2112 ennete,
438 2051 527 2111 vere,
547 2035 644 2110 iustu,
667 2032 778 2109 libere,
798 2041 927 2113 pecata,
950 2041 981 2094 et
1002 2035 1145 2094 universe
1167 2033 1219 2094 bn-

290 2119 389 2177 nitnte
413 2116 514 2196 plene,
536 2115 580 2193 fit,
603 2122 636 2175 ut
657 2117 769 2194 enimn,
791 2135 872 2195 quae
893 2115 980 2176 firme
1002 2115 1063 2176 fide
1084 2117 1143 2179 iliir
1166 2115 1219 2176 ed·

293 2200 413 2278 haeret,
435 2200 481 2260 eie
502 2199 548 2259 ein
572 2199 703 2275 unietur,
724 2200 787 2260 imo
810 2200 931 2279 penitus
953 2199 1163 2275 absorbeatur,
1186 2207 1219 2259 ut

291 2302 355 2344 non
387 2281 482 2343 modo
512 2283 690 2362 participet,
722 2281 778 2343 red
801 2288 953 2342 saturetur
989 2290 1020 2342 et
1052 2282 1218 2344 inebrietur

293 2367 379 2427 omni
403 2366 514 2426 virtute
536 2384 652 2428 eorum.
695 2364 728 2426 si
746 2366 827 2425 enim
843 2372 939 2425 tuctus
954 2363 1064 2426 curiati
1079 2363 1218 2442 sanabat,

293 2457 413 2528 quantu
435 2450 597 2529 megiehie
618 2449 800 2510 tenerrimus
818 2450 850 2509 in
871 2449 988 2529 spiritu,
1010 2450 1072 2509 imo
1095 2447 1220 2527 absorp-

291 2535 335 2594 tio
359 2530 445 2592 verbi
470 2533 582 2609 omnin,
605 2550 684 2611 quae
706 2532 792 2592 verbi
813 2537 892 2610 sunt,
915 2533 1036 2592 animae
1052 2533 1219 2592 eommuni-

291 2615 366 2676 eet?
389 2615 459 2675 Hnn
478 2616 570 2696 igitur
591 2614 684 2676 modo
707 2615 811 2674 enimn
832 2614 999 2696 perfidem
1022 2615 1131 2696 solem,
1152 2616 1220 2676 eine

291 2697 449 2779 operibus,
471 2717 489 2758 e
510 2697 604 2760 verbo
620 2697 679 2759 Dei
690 2697 881 2777 iustificetur,
903 2698 1120 2772 sanctificatur,
1145 2699 1220 2759 veri·

290 2782 411 2859 fiuntur,
433 2780 627 2861 peniflertur,
649 2779 795 2843 liberetur
812 2788 844 2843 et
865 2783 948 2842 umni
971 2781 1053 2843 bono
1076 2781 1219 2862 repletur,

291 2883 428 2946 vereque
449 2862 514 2924 filie
531 2864 590 2924 Dei
610 2863 748 2942 efficitur,
771 2865 850 2924 sieut
868 2864 975 2925 Iohen.
1002 2871 1027 2926 1.
1050 2864 1136 2925 dinit:
1161 2865 1219 2924 De·

291 2948 337 3009 dit
357 2949 404 3008 eir
427 2954 612 3027 potestatem
634 2945 715 3007 fliior
737 2947 793 3006 Dei
815 2945 893 3024 fieri,
914 2948 951 3006 iis
966 2948 1016 3026 qui
1040 2946 1168 3007 eredunt
1188 2948 1220 3006 in

292 3032 423 3093 nomine
446 3031 521 3091 eiur.

375 3113 426 3174 Ex
448 3113 484 3172 iis
505 3112 598 3173 fenile
620 3119 670 3172 ert
691 3112 865 3189 intellectu,
901 3110 981 3172 unde
1003 3110 1079 3172 fides
1102 3118 1219 3172 tantum

292 3198 409 3277 poerit,
441 3202 474 3256 et
493 3214 546 3259 nur
567 3195 668 3274 nulle,
703 3213 763 3256 nee
796 3196 902 3256 omnin
921 3194 1004 3256 bonu
1033 3214 1129 3275 opere
1150 3213 1219 3254 enm

292 3281 416 3362 possint
434 3297 583 3359 aequare:
606 3278 814 3358 quianullum
838 3297 915 3359 opus
937 3277 1105 3340 adhaerere
1126 3277 1221 3340 verbo

293 3363 371 3442 Dei,
410 3381 469 3424 nen
489 3362 520 3422 in
543 3363 646 3424 eninm
668 3381 737 3422 erre
759 3367 871 3442 potest.
916 3361 990 3422 Sole
1017 3369 1118 3422 eutem
1142 3359 1219 3421 fides

293 3454 323 3508 et
345 3445 473 3509 verbum
493 3447 525 3505 in
544 3463 585 3504 eu
603 3451 748 3526 regnent,
776 3444 868 3524 quale
896 3453 944 3506 est
966 3445 1124 3526 verbum„
1149 3443 1218 3504 telis

293 3530 331 3592 eb
355 3549 394 3591 en
418 3528 454 3589 iit
474 3529 592 3608 enimn,
629 3547 685 3589 eeu
716 3529 827 3588 ferrum
849 3529 977 3608 ignitum
1000 3527 1112 3588 renuet
1144 3529 1222 3586 sieut

293 3614 389 3693 ignis,
412 3613 541 3693 propter
564 3612 710 3673 unionem
731 3612 780 3670 sui
801 3617 832 3671 et
853 3612 952 3692 ignis,
982 3618 1015 3671 ut
1037 3610 1151 3670 nlurum
1173 3609 1221 3688 sit,

294 3695 412 3756 homini
426 3695 601 3757 Christiano
624 3712 710 3754 sunm
733 3692 824 3754 fidem
838 3693 978 3761 sufficere
991 3712 1048 3773 pro
1070 3691 1221 3768 omnibus,

294 3798 353 3840 neu
374 3777 522 3860 operibus
546 3777 574 3838 ei
595 3795 673 3856 opus
694 3777 770 3854 fore,
792 3783 826 3837 ut
847 3776 1037 3840 iustificetur.
1080 3772 1173 3850 Quod
1195 3775 1221 3834 ni

367 3918 394 3981 1)
415 3915 447 3970 ln
473 3919 515 3970 ed.
545 3918 611 3973 1521
641 3901 669 3970 et
687 3916 745 3971 Jen.
775 3916 843 3968 haec
872 3917 912 3967 ite
929 3916 1074 3984 leguntur:
1106 3921 1134 3969 in
1164 3933 1219 3986 qno

295 3991 490 4055 promittuntur
509 3991 558 4043 tibi
577 3991 676 4058 gretie,
696 3989 815 4052 iustitie,
835 4003 900 4056 pex,
920 3987 1051 4057 liberter,
1070 3987 1097 4041 et
1116 3992 1219 4058 omnin,

295 4059 319 4111 ni
337 4061 434 4130 credin,
453 4062 570 4117 hebebis
589 4067 641 4116 ete.
747 4104 751 4116 .
952 4078 954 4091 ¹
1220 4055 1226 4065 ’

323 4163 901 4215 Μορμωιακιωιιιμνοιιν.
1022 4137 1061 4198 15
