3159 4792
376 517 440 586 454
669 516 828 589 Disputatio
847 518 880 573 Da
899 517 932 571 il.
951 517 979 571 L.

440 710 490 775 23.
513 707 544 771 Β.
573 706 685 769 Paulus
716 724 779 769 non
817 706 906 768 dicit:
937 704 1030 767 Fides
1057 722 1115 789 per
1141 705 1300 767 carimtem

382 791 540 867 iustificat,
579 790 634 852 sed
667 790 714 851 sic
736 788 825 851 dicit:
859 789 950 851 noas
980 806 1036 871 per
1063 789 1223 849 caritatem
1255 794 1303 849 est

379 876 491 938 efficax
513 894 567 936 seu
590 892 733 955 operosa.

442 961 491 1022 24.
513 956 605 1019 Aliud
629 957 723 1039 longe
746 962 795 1017 est
816 974 981 1037 operosum
1004 974 1060 1016 seu
1088 955 1201 1017 efficax
1223 972 1300 1033 esse,

380 1048 411 1103 et
431 1041 514 1102 aliud
535 1041 700 1101 iustificare
721 1059 776 1101 seu
797 1042 911 1101 iustum
931 1038 1044 1131 sapere.

441 1126 489 1190 25.
512 1124 645 1183 Primum
678 1142 814 1204 persona
852 1121 1034 1183 iustificetur
1066 1140 1123 1202 pro
1157 1140 1192 1181 se
1224 1121 1301 1200 ipss,

403 1216 492 1270 ostes
512 1206 547 1267 fit
569 1223 702 1286 operosa
724 1222 800 1287 arga
819 1206 917 1283 alios,
950 1206 1029 1266 siout
1055 1203 1149 1265 arbor
1169 1205 1300 1285 primum

380 1229 464 1352 Eone
485 1287 520 1350 fit
541 1289 571 1348 in
595 1306 630 1349 se
650 1290 737 1370 ipsa,
768 1297 880 1370 postea
903 1306 1038 1369 operosa
1059 1287 1206 1348 fructibus
1228 1304 1303 1367 erga

380 1374 469 1437 alios.
1162 1419 1166 1435 .

445 1458 496 1519 26.
517 1453 664 1515 idolatria
693 1454 741 1515 vel
764 1453 902 1515 haeresia
922 1460 972 1515 est
993 1470 1128 1534 operosa
1147 1472 1205 1533 per
1228 1451 1302 1532 dog·

382 1546 462 1599 mats
486 1548 517 1599 et
538 1536 636 1598 cultus
658 1538 787 1616 impios,
818 1543 922 1598 tamen
950 1536 1099 1617 dogmata
1125 1554 1179 1596 sau
1204 1534 1302 1596 cultus

381 1622 468 1703 impii
490 1639 552 1681 non
583 1620 699 1680 iaciunt
720 1638 886 1701 pomonam
908 1618 1073 1682 idolatram
1096 1635 1151 1679 aen
1172 1617 1302 1679 haereti·

234 1718 241 1727 ·
269 1774 275 1788 ὓ
384 1725 462 1782 cam,
484 1702 541 1765 sed
554 1701 631 1762 fiunt
644 1722 662 1763 a
674 1722 809 1783 persona
822 1704 905 1784 prius
920 1702 1077 1764 haeretica
1098 1702 1147 1762 vel
1160 1701 1302 1762 idolatra.

442 1790 492 1851 27.
516 1785 691 1866 sophistae,
714 1788 857 1866 papistae
871 1805 935 1847 non
957 1784 1145 1866 intelligunt,
1168 1783 1240 1863 quid
1263 1785 1303 1845 sit

381 1876 560 1951 peceatum,
582 1867 675 1947 fides,
695 1867 850 1948 Christus,
875 1868 944 1947 lex,
979 1870 1104 1946 caritas,
1143 1874 1175 1928 et
1197 1868 1302 1928 omnia

382 1972 462 2034 quae
482 1952 658 2032 loquuntur.

445 2033 495 2100 28.
517 2034 585 2096 Hoc
606 2034 758 2115 produnt,
790 2034 862 2094 dum
890 2034 1025 2095 fatentur
1044 2036 1076 2095 in
1099 2033 1303 2094 daemonibus

382 2138 451 2181 esse
472 2117 576 2197 iidem,
598 2118 680 2178 etin
702 2115 921 2197 impiisfidem,
943 2136 1029 2199 spem
1052 2125 1084 2178 et
1104 2116 1302 2177 dilectionem

319 2244 321 2251 -
384 2202 442 2262 Dei
466 2201 646 2263 naturaliter
668 2199 774 2261 haberi
796 2219 899 2279 posse.

445 2287 495 2348 29.
518 2284 599 2360 Quin
631 2283 692 2345 hoc
714 2283 931 2363 blasphemant
967 2301 1107 2362 quoque,
1146 2281 1304 2343 hominem

382 2386 476 2449 posse
491 2387 530 2429 ex
545 2367 628 2449 puris
641 2365 1073 2448 naturalibusdiligereDeam
1088 2384 1180 2446 super
1192 2366 1305 2442 omnm,

383 2458 415 2511 et
442 2451 570 2531 implere
592 2449 737 2510 mandata
758 2449 831 2529 Dei,
866 2449 968 2530 quoad
997 2447 1201 2511 substantiam
1220 2449 1305 2528 iacti,

380 2533 500 2613 absque
522 2534 621 2613 gratia
642 2533 708 2592 Dei.

443 2618 493 2681 30.
515 2614 585 2676 Hoc
607 2615 676 2694 quid
700 2613 782 2675 aliud
804 2622 861 2692 est,
883 2633 975 2694 quam
992 2614 1113 2675 Christo
1137 2622 1170 2675 et
1192 2614 1305 2695 Spiritu

385 2705 493 2759 sancto
517 2716 581 2759 non
604 2717 674 2759 esse
697 2716 775 2778 opus
799 2697 838 2757 ad
861 2696 1050 2779 implendum
1074 2697 1222 2758 mandata
1238 2698 1305 2759 Dei.

447 2782 496 2847 31.
519 2780 589 2843 Hoc
623 2787 686 2859 est,
718 2800 776 2841 nos
811 2782 896 2861 ipsos
929 2799 968 2841 ex
989 2778 1081 2844 nobis
1110 2782 1186 2861 ipsis
1213 2800 1306 2862 posse

254 2923 258 2933 ,
384 2866 495 2926 mereri
517 2865 731 2926 remissionem
753 2871 952 2944 peccatorum
975 2869 1007 2924 et
1026 2865 1121 2925 vitam
1136 2871 1306 2943 aeternam,

383 2949 461 3008 sieut
485 2947 613 3009 credunt
633 2947 767 3025 lirrosa,
785 2945 891 3008 ludaei
913 2953 945 3008 et
964 2946 1094 3020 Tartari,

445 3033 494 3096 32.
517 3031 650 3109 Dicunt,
672 3031 790 3091 homini
811 3030 946 3109 facienti,
967 3029 1050 3110 quod
1072 3031 1103 3089 in
1126 3048 1161 3090 se
1181 3036 1239 3108 est,
1262 3031 1305 3090 in-

384 3113 551 3176 fallibiliter
572 3113 637 3175 dari
659 3114 806 3195 gratiam,
842 3119 962 3193 gratum
1000 3113 1164 3175 facientem
1193 3113 1305 3173 merito

382 3198 521 3277 congrui,
542 3197 625 3276 qnod
649 3204 697 3258 est
716 3196 870 3257 horribilis
888 3196 1082 3276 blasphemia
1094 3198 1125 3256 in
1140 3195 1304 3274 Christum,

383 3298 442 3339 neo
465 3278 503 3339 de
525 3280 584 3340 bac
606 3298 703 3360 usque
726 3279 820 3340 hodie
841 3280 1013 3360 poenitent.

449 3363 498 3427 33.
520 3361 561 3422 Et
581 3363 662 3423 hano
683 3363 813 3443 gratiam
835 3370 955 3443 gratum
982 3362 1145 3423 facientem
1171 3361 1235 3441 (sie
1255 3380 1306 3441 ap

384 3444 503 3524 pellant
525 3446 681 3507 caritatem
705 3446 855 3523 infusam)
880 3447 971 3507 etiam
992 3447 1023 3505 in
1047 3445 1173 3505 minimo
1210 3442 1307 3524 gradu

385 3530 492 3588 mereri
517 3529 609 3589 vitam
641 3536 798 3589 aeternam
821 3531 932 3589 merito
964 3527 1111 3609 condigni
1144 3547 1201 3588 seu
1223 3525 1305 3587 suffi-

382 3611 483 3673 cienti.

447 3695 495 3758 34.
517 3694 566 3754 Ex
595 3694 752 3755 attritione
781 3693 902 3777 fingunt
928 3694 1144 3757 contritionem
1172 3691 1222 3769 (id
1249 3697 1305 3772 eat,

385 3794 425 3836 ex
448 3776 573 3839 diabolo
596 3777 658 3839 alio
679 3777 795 3856 alium)
818 3778 885 3841 lieri
906 3778 1018 3840 virtute
1040 3776 1182 3839 clavium.

446 3858 496 3924 35.
518 3860 560 3921 Et
580 3861 660 3921 hanc
678 3879 775 3940 posse
798 3868 914 3923 butam
936 3879 1016 3940 esse,
1038 3867 1072 3920 ut
1091 3859 1306 3921 remissionem

383 3943 552 4021 plenariam
572 3946 772 4025 peccatorum
796 3951 967 4022 mereatur,
997 3964 1058 4024 qua
1079 3942 1181 4004 subito
1203 3941 1308 4004 evolet

384 4025 453 4102 quia
474 4026 505 4085 in
528 4026 660 4108 coelum,
682 4026 800 4107 absque
811 4028 992 4110 purgatorio
1010 4033 1064 4089 aut
1084 4025 1305 4088 satisfactione.
