3159 4792
364 488 427 553 144
628 489 784 559 saponem
805 488 839 545 l).
858 489 892 544 u.
912 489 1022 543 hotheri

364 677 396 737 hi
430 678 501 756 viri,
530 677 730 739 conciliorum
760 677 925 739 autoritate
959 677 1070 737 mirum
1096 677 1128 736 in
1155 676 1286 739 modum

365 766 528 838 tumentes,
550 760 647 821 semel
669 761 812 821 universa
834 760 982 835 concilia,
1011 766 1064 819 aut
1090 766 1174 822 certe
1195 760 1286 821 silen-

287 856 290 869 ·
365 844 440 903 tium
459 850 639 924 perpetuum
666 840 767 925 (quod
792 844 887 905 multo
910 845 997 924 peius
1010 845 1076 920 est)
1092 843 1286 916 sermonibus

365 926 404 987 de
426 927 548 987 concilii
571 933 726 1007 potestate
747 926 897 988 habendis
918 926 1063 989 iudicent.
1099 926 1152 988 Sic
1172 926 1287 987 debent
1396 917 1397 942 ¹

364 1029 466 1089 ruere,
494 1010 544 1089 qui
567 1008 679 1070 Christi
702 1011 916 1071 sacratissimis
945 1010 1067 1073 statutis
1099 1010 1146 1069 sui
1175 1011 1286 1091 eapitis

367 1093 468 1155 fumos
490 1099 690 1173 anteponunt.
735 1094 776 1154 At
797 1093 876 1154 forte
906 1092 1044 1153 rudiores
1071 1100 1157 1170 sunt,
1194 1112 1285 1173 quam

367 1182 400 1235 ut
420 1175 498 1235 haec
518 1176 709 1257 intelligant,
732 1196 824 1258 agam
847 1195 915 1236 cum
938 1177 983 1235 eis
1005 1195 1045 1236 ex
1066 1195 1123 1235 sua
1142 1195 1285 1255 praeran-

365 1258 445 1337 cida,
466 1278 622 1338 nunquam
647 1266 749 1319 tamen
772 1261 817 1320 eis
840 1258 1000 1319 intellecta
1021 1259 1193 1323 dialectica.

429 1341 571 1417 ¹Quaero
592 1344 712 1421 itaque:
747 1342 780 1403 Si
808 1344 912 1402 asinus
948 1342 1076 1403 haberet
1105 1361 1224 1422 pennas
1256 1346 1287 1403 et

365 1424 498 1503 volaret,
521 1426 593 1485 mihi
616 1424 707 1486 liceat
729 1426 832 1487 dicere
853 1426 920 1502 sine
941 1435 1088 1505 peccato,
1122 1444 1171 1485 me
1194 1424 1286 1497 velle,

366 1513 399 1568 nt
419 1509 523 1568 asinus
547 1508 674 1587 volaret,
697 1509 723 1568 si
745 1509 872 1570 haberet
888 1527 1013 1588 pennas.
1058 1509 1104 1568 lta
1124 1515 1157 1569 et
1177 1508 1238 1585 hio,
1260 1509 1286 1569 si

320 1648 321 1651 ,
366 1590 530 1651 concilium
553 1589 866 1671 definiretntramqne
882 1591 1014 1651 dandam
1037 1612 1051 1651 s
1077 1593 1184 1668 eciem,
1207 1599 1286 1651 utra·

365 1694 426 1754 que
447 1676 567 1755 species
590 1674 722 1737 daretur.
754 1662 887 1753 Quaero,
910 1693 950 1735 an
973 1611 1152 1734 mihiliceat
1171 1674 1286 1751 dicere,

367 1777 415 1819 me
437 1764 555 1837 optare,
577 1766 737 1838 utramque
758 1760 894 1838 speciem
916 1758 991 1837 dari,
1015 1758 1041 1817 si
1057 1758 1222 1818 concilium
1245 1757 1288 1817 ita

367 1838 576 1921 definiret¹)?
608 1841 648 1901 Et
681 1841 752 1920 quid
781 1841 864 1901 aliud
893 1860 978 1901 meus
1008 1859 1109 1901 sermo
1143 1840 1287 1920 loquitur,

366 1941 458 2002 quam
479 1922 559 1983 hanc
582 1923 845 1985 conditionalem?
885 1924 926 1985 Et
947 1923 1019 2003 quid
1041 1922 1126 1983 aliud
1146 1924 1288 1985 crimina·
1400 1979 1401 2002 ἶ

365 2014 415 2066 tur
442 2006 501 2065 ista
528 2005 731 2067 insulsissima
756 2007 982 2087 rudissimaque
1015 2005 1163 2067 schedula
1193 2007 1287 2067 schis-

367 2090 523 2167 maticum,
536 2088 763 2167 scandalosum,
774 2099 1073 2171 praesumptuosum,
1082 2090 1288 2167 temerarium,

367 2190 458 2252 qnam
480 2171 561 2233 hanc
583 2174 773 2234 verissimam
796 2175 1025 2255 piissimamque
1041 2172 1286 2235 conditionalem

367 2256 634 2335 propositionem?
668 2256 728 2317 Sed
756 2258 816 2318 iste
837 2264 885 2318 est
905 2256 974 2317 finis
996 2256 1201 2317 scholasticae
1224 2256 1288 2337 phi·
1401 2253 1402 2260 ’

365 2338 607 2419 losophioaeque
650 2340 838 2421 theologiae.
903 2340 954 2401 Sic
1003 2341 1128 2419 ingenia
1172 2341 1290 2420 optima
1402 2391 1403 2394 ,

365 2421 610 2483 adolescentium
632 2422 787 2500 imbuunt,
819 2430 853 2484 ut
875 2424 1098 2504 quamprimum
1121 2429 1210 2483 extra
1232 2424 1290 2483 usi·

365 2512 460 2565 tatum
484 2505 660 2586 exemplum
683 2509 798 2568 versati
820 2507 943 2586 inerint,
964 2506 1043 2567 adeo
1064 2505 1139 2567 nihil
1162 2506 1201 2566 de
1223 2506 1290 2566 dia·

365 2587 476 2649 lectica
489 2608 545 2648 cua
566 2588 748 2669 intelligant,
773 2598 804 2651 ut
827 2590 935 2650 similis
954 2588 1153 2669 eiusdemque
1169 2589 1290 2651 formae

366 2670 497 2732 eundem
520 2671 733 2752 syllogismum
756 2675 787 2732 in
811 2693 872 2735 uno
896 2673 1041 2753 exemplo
1059 2673 1192 2753 probent
1205 2672 1289 2734 chri-

366 2754 508 2832 stiannm,
530 2754 725 2832 catholiam,
748 2756 932 2822 salutarem:
965 2757 996 2816 in
1020 2756 1118 2818 altero
1141 2755 1291 2817 damnent

365 2836 609 2914 schismaticum,
644 2838 882 2917 scandalosum,
915 2838 1113 2918 seditiosum,
1142 2846 1289 2901 aeternas

365 2922 471 2981 mortis
492 2920 689 2983 inductivum.
740 2922 850 3000 Forte,
878 2923 961 3002 qnod
994 2922 1077 3003 apud
1105 2942 1179 3002 eos,
1211 2923 1291 2983 sicut

366 3004 516 3065 nullarum
537 3024 637 3065 rerum
660 3025 761 3086 neque
782 3008 892 3067 artium
920 3013 968 3067 est
991 3005 1085 3066 ullum
1112 3005 1289 3083 discrimen,

366 3090 409 3149 ita
438 3095 470 3148 et
495 3088 602 3150 eadem
624 3109 674 3149 res
697 3091 735 3149 sit
758 3108 843 3150 error
864 3097 896 3150 et
916 3091 1048 3166 veritas,
1077 3090 1140 3149 vita
1160 3096 1291 3150 aeterua

366 3179 398 3233 et
419 3190 501 3231 mors
529 3179 664 3236 aeterna.
714 3172 823 3252 ltaque
855 3173 936 3233 hano
967 3171 1225 3234 conditionalem:
1258 3171 1290 3232 Si

366 3256 470 3315 asinus
491 3254 619 3315 haberet
639 3274 767 3335 pennas,
791 3258 897 3317 asinus
921 3256 1055 3334 volaret,
1087 3254 1167 3317 forte
1189 3256 1292 3315 sciunt

365 3337 414 3398 vel
438 3356 493 3398 usu
516 3338 640 3398 tandem
664 3339 878 3400 callosissimo.
922 3338 984 3401 Sed
1013 3337 1073 3399 duc
1102 3357 1157 3399 eos
1186 3340 1218 3398 in
1240 3357 1290 3399 res

366 3422 462 3483 serias
484 3420 593 3481 eadem
614 3421 721 3502 regula
750 3421 941 3502 dialecticae,
970 3424 1089 3484 scilicet
1115 3423 1145 3481 in
1168 3440 1291 3483 sacram

290 3551 292 3555 -
366 3503 574 3586 Scriptorum,
600 3523 672 3564 mox
694 3505 810 3567 facient
841 3507 895 3568 tihi
917 3525 957 3567 ex
980 3506 1102 3567 Christo
1121 3503 1291 3581 diabolum,

366 3608 407 3649 ex
429 3588 519 3650 coelo
549 3588 715 3668 infernum,
742 3608 782 3649 ex
811 3590 872 3651 tide
901 3590 1062 3651 haeresim.
1117 3588 1158 3648 Et
1186 3594 1291 3649 tamma

368 3673 476 3733 mirum
510 3680 558 3731 est
585 3690 676 3750 quarn
712 3671 885 3753 furiant2),
920 3675 946 3733 si
980 3672 1104 3752 quando
1126 3672 1290 3753 gemimus,

366 3774 530 3834 puerorum
554 3756 685 3835 optimas
715 3758 834 3817 animas
856 3756 943 3838 perdi
964 3755 1011 3816 his
1034 3774 1139 3817 eorum
1162 3754 1292 3835 perditis

440 4039 466 4099 1)
485 4036 516 4086 In
535 4034 578 4087 ed.
599 4036 689 4103 orig:
710 4032 853 4085 diffiniret.
891 4031 925 4097 2)
948 4030 979 4083 ln
998 4029 1042 4086 ed.
1060 4029 1139 4084 den:
1158 4030 1257 4082 iurant.
