3159 4792
272 1348 502 1480 Magnifica
554 1347 729 1481 Domino
753 1348 955 1481 4Rcctori
1005 1360 1050 1448 et
1094 1353 1197 1449 aliis

273 1464 498 1593 generalis
530 1464 673 1595 Studu
692 1464 1105 1595 Wrttcmbcrgcusis
1135 1497 1197 1563 re-

273 1578 483 1696 gentrbus
506 1579 686 1673 domnus
704 1606 795 1674 suls
825 1608 913 1675 sem
944 1609 992 1677 er
1011 1582 1197 1677 colendis

524 1698 569 1787 ct
599 1693 882 1829 observandis
897 1609 947 1811 *i

360 1891 501 1982 Salutem
517 1923 547 1981 in
566 1923 700 1984 Domino
721 1924 800 1991 lesu.
832 1924 922 1985 Mitto
946 1924 1063 2003 advos,
1086 1926 1200 1987 Rector

273 2004 438 2087 magnifice
465 2024 503 2065 ac
526 2004 697 2086 dignissimi
716 2006 839 2084 Patres,
874 2008 1059 2069 sanctissimi
1082 2008 1199 2069 domini

274 2090 372 2151 nostri
381 2088 485 2170 Papae
499 2090 582 2149 iussu
599 2088 707 2149 Butlse
721 2090 843 2169 copiam
865 2091 894 2149 in
909 2091 989 2151 Urbe
1010 2092 1200 2173 impressam,

274 2181 305 2233 st
328 2170 437 2253 Sigillc
465 2172 496 2231 et
516 2172 635 2232 Notarii
663 2171 888 2252 subscriptione
911 2176 1074 2253 munitam,
1114 2177 1200 2235 cuius

272 2256 493 2316 continentiam
516 2255 719 2316 excellentiae
742 2261 864 2315 vestrae
893 2255 1056 2337 diligenter
1077 2259 1199 2318 investi-

273 2338 401 2419 gabuut.
444 2337 598 2413 Quantum
630 2345 731 2398 autem
763 2338 802 2398 od
836 2358 885 2398 me
917 2341 1027 2400 attinet
1060 2346 1091 2400 et
1119 2360 1202 2401 com·

273 2423 452 2482 missionem
482 2421 554 2481 mihi
584 2422 680 2482 invito
710 2427 740 2482 et
760 2423 903 2482 renitenti
926 2422 1059 2501 factam,
1091 2443 1146 2483 oro
1169 2430 1200 2483 et

272 2504 405 2566 obsecro
427 2522 484 2565 vos
507 2523 562 2584 per
583 2504 775 2565 Salvatorem
799 2511 946 2581 nostrum,
970 2512 1004 2567 ut
1025 2505 1198 2567 huiusmodi

272 2587 326 2649 fiat
358 2587 439 2669 apud
474 2604 530 2647 vos
553 2587 641 2647 huius
663 2587 771 2647 Buttae
801 2591 979 2669 exsecutio,
1017 2596 1049 2650 ut
1081 2590 1198 2650 articuli

274 2671 412 2733 damuati
445 2676 475 2730 et
504 2670 658 2750 reprobati
682 2690 701 2729 a
738 2670 823 2731 nullo
858 2680 978 2733 vestrae
1000 2672 1200 2734 Universitati

273 2749 413 2815 subiecto
460 2753 629 2814 doceantur
669 2753 791 2833 publice
831 2762 884 2815 aut
905 2756 1094 2816 affirmentur
1125 2763 1200 2816 eta:

273 2838 412 2917 alioquin
449 2837 535 2897 iuxta
573 2838 795 2897 continentiam
824 2838 930 2899 Bultae
963 2836 993 2899 S.
1023 2838 1060 2900 D.
1089 2838 1127 2900 N.
1161 2837 1200 2898 ad

274 2922 479 3001 privationem
502 2920 639 2980 omnium
671 2920 899 3001 privilegiorum
923 2940 942 2980 a
962 2920 1044 2982 'Sede
1067 2921 1201 2999 Aposto-

274 3005 334 3066 lica
356 3002 541 3063 indulturum
564 3001 734 3083 procedere
763 3008 941 3083 cogeretur,
972 3022 1040 3063 oum
1062 3000 1200 3062 inhabili·

274 3090 393 3148 tatione
415 3086 547 3146 studium
570 3086 694 3147 tenendi
717 3092 793 3164 etc,
814 3087 897 3165 quod
920 3106 977 3147 vos
1000 3104 1055 3167 pro
1079 3086 1201 3144 sincera

274 3170 453 3236 Christiana,
483 3168 632 3251 religione
666 3176 698 3230 et
724 3170 844 3231 honore
881 3175 986 3230 vestro
1014 3186 1200 3249 praecavere

276 3252 440 3315 oortebit.
1002 3270 1005 3277 ’
1140 3272 1142 3279 ⁴

296 3273 315 3334 p
359 3334 451 3410 Quod
478 3342 579 3395 autem
613 3354 672 3416 ego
703 3354 742 3395 ex
772 3336 991 3397 commissione
1019 3334 1201 3414 Apostolica

277 3419 308 3478 in
331 3418 540 3499 publicatione
562 3419 670 3478 Bullae
697 3427 819 3498 praeter
839 3418 1001 3479 Martinam
1030 3416 1202 3479 addiderim

278 3520 401 3581 qnoque
422 3500 626 3564 Oarlstadinm
649 3508 680 3561 et
702 3501 897 3581 Dolschium,
924 3503 966 3562 ita
988 3502 1128 3581 accipere
1151 3497 1202 3558 de·

276 3586 373 3661 betis,
403 3591 475 3646 uta
498 3604 631 3645 menon
655 3586 722 3645 sine
744 3594 873 3667 urgente
896 3604 990 3645 causa
1011 3584 1124 3646 factum
1147 3583 1201 3641 sit:
1236 3628 1239 3633 .

277 3671 308 3727 at
341 3670 366 3727 si
395 3667 440 3728 itli
472 3674 599 3728 matrem
634 3677 807 3748 agnoscent
835 3668 1014 3744 ecclesiam,
1053 3670 1085 3726 et
1105 3665 1203 3745 parati

277 3759 348 3811 sunt
370 3769 493 3812 omnem
515 3751 666 3811 haeresim
690 3750 846 3831 abiurare,
879 3751 1011 3812 libenter
1040 3767 1101 3829 ego
1130 3746 1202 3808 illos

277 3854 343 3895 sum
366 3840 544 3915 recepturus
567 3841 598 3895 et
618 3834 807 3913 humaniter,
829 3841 922 3916 atque
944 3833 1107 3894 autoritate
1130 3830 1203 3890 mihi

492 3974 698 3984 mm*

347 4032 379 4095 ²)
403 4028 508 4083 Textus
528 4031 658 4098 repetitus
678 4033 720 4082 est
740 4044 777 4083 ex
797 4026 839 4081 ed.
858 4026 970 4095 ienensi
991 4022 1060 4095 Opp.
1080 4020 1158 4101 Luth.
1179 4038 1204 4075 s.

279 4102 356 4159 1557.
376 4100 408 4154 Τ.
428 4100 452 4154 11
472 4118 499 4171 p.
507 4100 569 4157 495.
899 4098 902 4111 '

306 4208 400 4250 maen
414 4217 467 4258 opp.
481 4208 509 4251 v.
523 4206 551 4247 s.
565 4205 649 4247 arra.
663 4204 715 4245 uss
730 4204 747 4244 t
761 4214 783 4254 p.
798 4202 848 4245 vor.
861 4200 899 4242 1v.
1091 4178 1133 4243 20
