3159 4792
375 494 438 564 182
650 496 855 572 &stannatio
875 497 1034 583 doctrinalis

356 688 445 773 ,ante
474 682 575 745 diotae
602 688 728 743 nostrae
748 682 915 748 Facultetis
948 681 1165 765 theologiae
1155 683 1301 746 russimus
1395 677 1396 710 ³

373 766 566 851 appensione
587 764 778 826 communiri.

455 848 535 909 Acte
556 848 679 909 luerunt
697 848 776 909 haec
797 845 944 923 Lemnii,
972 844 1153 910 Leodieosis
1175 846 1302 909 diocoe-

374 933 428 1010 sis,
448 932 480 992 in
501 930 634 993 ecclesie
656 931 821 1011 collegiata
843 929 874 991 S.
891 929 973 991 Petri
983 927 1182 992 Lovanienss
1173 950 1205 992 ιιι
1229 930 1301 994 loco

374 1015 534 1096 capitulari
561 1014 697 1076 inferiori
731 1013 859 1087 ibidem
892 1013 948 1074 sub
981 1032 1064 1073 enno
1092 1033 1111 1073 a
1140 1014 1303 1075 nativitate

375 1098 497 1159 Domini
524 1096 565 1159 Μ.
592 1098 629 1157 Ι).
651 1096 730 1160 XIX.
738 1096 931 1157 indictione
962 1097 992 1160 7.
1014 1097 1128 1158 mensis
1147 1095 1302 1177 Novemb·

375 1180 425 1242 dre
445 1185 474 1245 7
489 1181 569 1243 inter
585 1199 699 1241 nonem
723 1186 754 1240 et
741 1178 918 1240 tdecimam
939 1167 1116 1239 borasante
1131 1168 1303 1241 meridiem

374 1262 574 1325 Pontificatus
597 1263 781 1324 sanctissimi
803 1263 835 1323 in
858 1262 979 1323 Christo
1001 1262 1100 1324 Patris
1123 1268 1155 1322 et
1175 1262 1303 1323 Domini

375 1348 489 1426 nostri,
512 1346 636 1407 Domini
658 1344 770 1408 Leonis
794 1345 898 1406 divina
919 1344 1115 1425 providentie
1136 1344 1241 1427 Papae
1264 1346 1304 1409 X.

375 1449 457 1491 enno
481 1434 588 1494 suol

460 1512 507 1573 De
529 1511 677 1573 mandato
710 1511 916 1572 Dominorum
937 1510 1084 1590 Decem,
1110 1516 1141 1571 et
1169 1511 1303 1573 eliorum

458 1596 673 1679 Magistrorum
687 1600 861 1655 nostrorum
878 1593 980 1655 dictae
994 1592 1171 1671 Facultatis,
1191 1593 1303 1657 Iohao

458 1698 514 1740 nes
538 1697 598 1740 van
618 1678 701 1739 hove
713 1674 744 1757 ¹)
767 1676 923 1739 Notarius.

292 1925 295 1932 f
376 1878 669 1941 condemnatio
691 1876 917 1939 Facultetis
943 1876 1195 1957 Theologiae
1224 1876 1304 1955 -Co-

376 1960 582 2023 loniensis
615 1959 1062 2102 edversppsthdoctriuem
1085 1959 1118 2022 F.
1141 1960 1304 2021 Martini

776 2063 795 2102 ιι
850 2061 931 2107 errr.

458 2175 617 2237 Universis
639 2182 670 2237 et
692 2175 821 2258 singulis
841 2176 898 2236 hes
919 2183 1042 2236 nosnos
1064 2176 1169 2237 literas
1189 2178 1302 2239 visuris

377 2265 408 2322 et
429 2259 575 2321 audituris
598 2260 740 2321 Decenus
762 2266 795 2321 et
816 2259 958 2320 Facultes
979 2278 1087 2320 sacrae
1107 2259 1304 2341 'theologiae

377 2343 559 2403 universalis
581 2342 672 2403 studii
696 2342 892 2405 Coloniensis
914 2360 984 2402 cum
1006 2343 1126 2404 sincere
1146 2362 1303 2406 commen·

376 2425 501 2487 datione
522 2424 668 2489 Salutem.

458 2508 593 2568 Tametsi
617 2526 725 2569 omnes
748 2508 876 2569 ubilibet
897 2508 1103 2569 consistentes
1126 2507 1237 2570 fideles
1262 2510 1303 2571 ad

376 2592 548 2651 communis
580 2588 651 2651 fidei
675 2590 905 2669 defensionem,
937 2590 1051 2651 nedum
1090 2610 1159 2651 cum
1188 2610 1304 2672 rerum,

376 2692 480 2733 rernm
504 2672 595 2734 ctiam
619 2692 688 2735 cum
711 2676 855 2755 propriae
884 2676 967 2735 vitae
989 2674 1151 2753 dispendio
1175 2682 1303 2737 tenean-

376 2762 439 2833 tur,
462 2757 628 2837 praecipue
659 2764 763 2818 umen
801 2776 857 2819 eos
888 2755 928 2819 ed
956 2757 988 2817 id
1019 2758 1155 2819 muneris
1187 2760 1303 2820 arctius

376 2838 541 2900 obstrictos
569 2846 707 2917 constet,
740 2841 791 2920 qui
819 2860 875 2938 pro
908 2839 996 2900 titulo
1030 2841 1229 2920 professionis
1262 2842 1303 2903 ab

376 2921 509 2983 ccclesia
530 2921 569 2983 ad
592 2922 623 2983 id
645 2943 718 3003 prae
740 2924 850 2985 ceteris
872 2922 1010 3003 deputati
1031 2925 1232 2983 aestimentur
1253 2944 1302 2987 sa-

376 3024 447 3065 cres
470 3004 647 3086 theologiae
666 3006 814 3088 Magistri.
835 3024 964 3087 quorum
989 3004 1042 3086 (ut
1060 3006 1217 3086 Scriptura
1237 3009 1300 3080 eit)

377 3089 612 3169 uniuscuiusque
645 3091 727 3151 ensis
756 3109 849 3171 super
877 3090 976 3151 lemur
1004 3090 1070 3150 eius
1101 3109 1172 3151 esse
1196 3090 1303 3171 debet,

376 3179 502 3251 propter
534 3173 660 3235 timores
697 3180 885 3269 nocturnos,
923 3190 1045 3233 errores
1080 3181 1113 3233 et
1144 3173 1304 3251 haereses,

376 3272 454 3333 quos
477 3262 661 3333 procurante
683 3257 896 3317 universorum
908 3255 1095 3317 mansionum·
1111 3261 1216 3317 satore
1233 3257 1303 3319 dia·

377 3336 466 3412 bolo,
501 3336 602 3399 studio
636 3358 800 3418 pravorum
831 3337 1236 3419 pseudoquecatholioorsuu
1270 3343 1302 3401 in

377 3420 509 3481 ecclesia
531 3439 586 3499 per
607 3428 749 3502 tempore
771 3420 993 3490 dormientibus
1022 3420 1198 3486 hominibus
1228 3442 1303 3485 cou-

379 3504 470 3585 tingit
490 3502 650 3583 pullulare

460 3584 535 3647 Cum
558 3588 662 3677 itaque
693 3594 766 3649 ante
787 3587 906 3667 eliquot
940 3588 1000 3651 hos
1034 3588 1101 3651 dies
1132 3588 1304 3653 venerandi

379 3664 637 3767 eruditissimique
660 3669 793 3747 domini,
822 3672 967 3735 Decanus
985 3678 1016 3733 et
1037 3671 1180 3734 Fecultas
1200 3691 1305 3737 sacre·

376 3753 515 3815 tissimee
536 3753 743 3835 theologiae'
736 3755 864 3836 insignis
886 3753 978 3817 studii
995 3754 1207 3835 Lovaniensis,
1229 3775 1304 3820 con·

377 3908 799 3927 mmo*

450 3993 482 4059 1)
502 3992 533 4046 ln
554 3993 598 4050 ed.
615 3992 693 4050 den:
714 4002 766 4049 ton
784 3994 859 4065 holt.
