<?xml version="1.0" encoding="UTF-8"?>
<!DOCTYPE html PUBLIC "-//W3C//DTD XHTML 1.0 Transitional//EN"
    "http://www.w3.org/TR/xhtml1/DTD/xhtml1-transitional.dtd">
<html xmlns="http://www.w3.org/1999/xhtml" xml:lang="en" lang="en">
 <head>
  <title>
</title>
<meta http-equiv="Content-Type" content="text/html;charset=utf-8" />
  <meta name='ocr-system' content='tesseract 3.04.00' />
  <meta name='ocr-capabilities' content='ocr_page ocr_carea ocr_par ocr_line ocrx_word'/>
</head>
<body>
  <div class='ocr_page' id='page_1' title='image "./operalatinavari04schmgoog_0145.png"; bbox 0 0 3159 4792; ppageno 0'>
   <div class='ocr_carea' id='block_1_1' title="bbox 390 498 1206 580">
    <p class='ocr_par' dir='ltr' id='par_1_1' title="bbox 390 498 1206 580">
     <span class='ocr_line' id='line_1_1' title="bbox 390 498 1206 580; baseline 0.006 -28"><span class='ocrx_word' id='word_1_1' title='bbox 390 500 551 569; x_wconf 77' lang='lat' dir='ltr'><strong>Responsio</strong></span> <span class='ocrx_word' id='word_1_2' title='bbox 570 499 605 555; x_wconf 90' lang='lat' dir='ltr'><strong>D.</strong></span> <span class='ocrx_word' id='word_1_3' title='bbox 625 498 660 553; x_wconf 88' lang='grc'>11.</span> <span class='ocrx_word' id='word_1_4' title='bbox 682 500 710 553; x_wconf 77' lang='grc'><strong>1.</strong></span> <span class='ocrx_word' id='word_1_5' title='bbox 733 500 767 554; x_wconf 89' lang='lat' dir='ltr'><strong>ad</strong></span> <span class='ocrx_word' id='word_1_6' title='bbox 788 500 887 557; x_wconf 77' lang='lat' dir='ltr'><strong>Sched.</strong></span> <span class='ocrx_word' id='word_1_7' title='bbox 903 502 1089 580; x_wconf 87' lang='lat' dir='ltr'><strong>inhibitionis.</strong></span> <span class='ocrx_word' id='word_1_8' title='bbox 1143 498 1206 564; x_wconf 82' lang='grc'>137</span> 
     </span>
    </p>
   </div>
   <div class='ocr_carea' id='block_1_2' title="bbox 207 684 1295 1931">
    <p class='ocr_par' dir='ltr' id='par_1_2' title="bbox 207 684 1295 1931">
     <span class='ocr_line' id='line_1_2' title="bbox 281 684 1206 767; baseline 0.001 -22"><span class='ocrx_word' id='word_1_9' title='bbox 281 704 391 745; x_wconf 86' lang='lat' dir='ltr'><strong>ausum</strong></span> <span class='ocrx_word' id='word_1_10' title='bbox 416 702 485 745; x_wconf 89' lang='lat' dir='ltr'><strong>esse</strong></span> <span class='ocrx_word' id='word_1_11' title='bbox 507 685 676 746; x_wconf 90' lang='lat' dir='ltr'><strong>conciones</strong></span> <span class='ocrx_word' id='word_1_12' title='bbox 698 692 751 747; x_wconf 89' lang='lat' dir='ltr'><strong>aut</strong></span> <span class='ocrx_word' id='word_1_13' title='bbox 774 686 999 767; x_wconf 87' lang='lat' dir='ltr'><strong>disputationes</strong></span> <span class='ocrx_word' id='word_1_14' title='bbox 1011 685 1134 746; x_wconf 88' lang='lat' dir='ltr'><strong>Lutheri</strong></span> <span class='ocrx_word' id='word_1_15' title='bbox 1155 684 1206 746; x_wconf 91' lang='lat' dir='ltr'><strong>de·</strong></span> 
     </span>
     <span class='ocr_line' id='line_1_3' title="bbox 280 768 1208 847; baseline -0.001 -18"><span class='ocrx_word' id='word_1_16' title='bbox 280 768 412 831; x_wconf 82' lang='lat' dir='ltr'><strong>fondere</strong></span> <span class='ocrx_word' id='word_1_17' title='bbox 433 786 534 847; x_wconf 89' lang='lat' dir='ltr'><strong>neque</strong></span> <span class='ocrx_word' id='word_1_18' title='bbox 566 787 648 829; x_wconf 92' lang='lat' dir='ltr'><strong>nunc</strong></span> <span class='ocrx_word' id='word_1_19' title='bbox 675 787 834 847; x_wconf 89' lang='lat' dir='ltr'><strong>ausurum,</strong></span> <span class='ocrx_word' id='word_1_20' title='bbox 867 769 920 831; x_wconf 90' lang='lat' dir='ltr'><strong>sed</strong></span> <span class='ocrx_word' id='word_1_21' title='bbox 953 769 992 830; x_wconf 89' lang='lat' dir='ltr'><strong>ab</strong></span> <span class='ocrx_word' id='word_1_22' title='bbox 1019 770 1086 829; x_wconf 83' lang='lat' dir='ltr'><strong>&#39;ista</strong></span> <span class='ocrx_word' id='word_1_23' title='bbox 1114 787 1208 828; x_wconf 88' lang='lat' dir='ltr'><strong>causa</strong></span> 
     </span>
     <span class='ocr_line' id='line_1_4' title="bbox 281 850 1209 933; baseline -0.002 -20"><span class='ocrx_word' id='word_1_24' title='bbox 281 852 409 933; x_wconf 87' lang='lat' dir='ltr'><strong>penitus</strong></span> <span class='ocrx_word' id='word_1_25' title='bbox 431 850 604 930; x_wconf 87' lang='lat' dir='ltr'><strong>abstinere,</strong></span> <span class='ocrx_word' id='word_1_26' title='bbox 625 852 730 931; x_wconf 89' lang='lat' dir='ltr'><strong>itaque</strong></span> <span class='ocrx_word' id='word_1_27' title='bbox 752 852 791 913; x_wconf 93' lang='lat' dir='ltr'><strong>de</strong></span> <span class='ocrx_word' id='word_1_28' title='bbox 812 853 918 915; x_wconf 91' lang='lat' dir='ltr'><strong>libello</strong></span> <span class='ocrx_word' id='word_1_29' title='bbox 940 853 995 914; x_wconf 92' lang='lat' dir='ltr'><strong>illo</strong></span> <span class='ocrx_word' id='word_1_30' title='bbox 1018 870 1051 912; x_wconf 88' lang='lat' dir='ltr'><strong>ee</strong></span> <span class='ocrx_word' id='word_1_31' title='bbox 1073 852 1209 912; x_wconf 89' lang='lat' dir='ltr'><strong>iudicare</strong></span> 
     </span>
     <span class='ocr_line' id='line_1_5' title="bbox 280 933 1210 1016; baseline -0.002 -19"><span class='ocrx_word' id='word_1_32' title='bbox 280 954 346 997; x_wconf 89' lang='lat' dir='ltr'><strong>non</strong></span> <span class='ocrx_word' id='word_1_33' title='bbox 369 953 482 1016; x_wconf 85' lang='lat' dir='ltr'><strong>posse,</strong></span> <span class='ocrx_word' id='word_1_34' title='bbox 515 933 621 997; x_wconf 90' lang='lat' dir='ltr'><strong>audire</strong></span> <span class='ocrx_word' id='word_1_35' title='bbox 647 941 751 999; x_wconf 85' lang='lat' dir='ltr'><strong>tamen</strong></span> <span class='ocrx_word' id='word_1_36' title='bbox 781 936 868 997; x_wconf 90' lang='lat' dir='ltr'><strong>illum</strong></span> <span class='ocrx_word' id='word_1_37' title='bbox 890 956 909 997; x_wconf 91' lang='lat' dir='ltr'><strong>a</strong></span> <span class='ocrx_word' id='word_1_38' title='bbox 930 934 1155 997; x_wconf 77' lang='lat' dir='ltr'><strong>multis‘doctie</strong></span> <span class='ocrx_word' id='word_1_39' title='bbox 1178 940 1210 995; x_wconf 90' lang='lat' dir='ltr'><strong>et</strong></span> 
     </span>
     <span class='ocr_line' id='line_1_6' title="bbox 281 1017 1207 1100; baseline 0 -22"><span class='ocrx_word' id='word_1_40' title='bbox 281 1017 475 1097; x_wconf 74' lang='lat' dir='ltr'><strong>sapientibus</strong></span> <span class='ocrx_word' id='word_1_41' title='bbox 502 1018 575 1079; x_wconf 88' lang='lat' dir='ltr'><strong>viris</strong></span> <span class='ocrx_word' id='word_1_42' title='bbox 607 1038 663 1100; x_wconf 93' lang='lat' dir='ltr'><strong>pro</strong></span> <span class='ocrx_word' id='word_1_43' title='bbox 687 1019 862 1081; x_wconf 78' lang='lat' dir='ltr'><strong>Christiano</strong></span> <span class='ocrx_word' id='word_1_44' title='bbox 895 1020 1015 1081; x_wconf 87' lang='lat' dir='ltr'><strong>haberi:</strong></span> <span class='ocrx_word' id='word_1_45' title='bbox 1047 1018 1078 1079; x_wconf 95' lang='lat' dir='ltr'><strong>id</strong></span> <span class='ocrx_word' id='word_1_46' title='bbox 1111 1038 1145 1078; x_wconf 89' lang='lat' dir='ltr'><strong>se</strong></span> <span class='ocrx_word' id='word_1_47' title='bbox 1176 1019 1207 1079; x_wconf 90' lang='lat' dir='ltr'><strong>in</strong></span> 
     </span>
     <span class='ocr_line' id='line_1_7' title="bbox 281 1100 1209 1184; baseline 0 -23"><span class='ocrx_word' id='word_1_48' title='bbox 281 1101 387 1162; x_wconf 87' lang='lat' dir='ltr'><strong>medio</strong></span> <span class='ocrx_word' id='word_1_49' title='bbox 405 1100 576 1163; x_wconf 82' lang='lat' dir='ltr'><strong>ethuthero</strong></span> <span class='ocrx_word' id='word_1_50' title='bbox 590 1101 815 1164; x_wconf 85' lang='lat' dir='ltr'><strong>defendendum</strong></span> <span class='ocrx_word' id='word_1_51' title='bbox 828 1104 1001 1184; x_wconf 85' lang='lat' dir='ltr'><strong>relinquere</strong></span> <span class='ocrx_word' id='word_1_52' title='bbox 1011 1100 1067 1184; x_wconf 89' lang='lat' dir='ltr'><strong>(cl.</strong></span> <span class='ocrx_word' id='word_1_53' title='bbox 1079 1101 1209 1163; x_wconf 90' lang='lat' dir='ltr'><strong>Loesch.</strong></span> 
     </span>
     <span class='ocr_line' id='line_1_8' title="bbox 280 1184 1209 1266; baseline -0.001 -20"><span class='ocrx_word' id='word_1_54' title='bbox 280 1185 421 1247; x_wconf 84' lang='lat' dir='ltr'><strong>Reform.</strong></span> <span class='ocrx_word' id='word_1_55' title='bbox 450 1184 539 1264; x_wconf 85' lang='lat' dir='ltr'><strong>Acta,</strong></span> <span class='ocrx_word' id='word_1_56' title='bbox 561 1184 601 1245; x_wconf 91' lang='lat' dir='ltr'><strong>Ill</strong></span> <span class='ocrx_word' id='word_1_57' title='bbox 622 1206 651 1266; x_wconf 90' lang='lat' dir='ltr'><strong>p.</strong></span> <span class='ocrx_word' id='word_1_58' title='bbox 674 1188 765 1265; x_wconf 85' lang='lat'><strong>922).</strong></span> <span class='ocrx_word' id='word_1_59' title='bbox 809 1186 915 1249; x_wconf 82' lang='lat' dir='ltr'><strong>Edidit</strong></span> <span class='ocrx_word' id='word_1_60' title='bbox 934 1188 1038 1266; x_wconf 86' lang='lat' dir='ltr'><strong>itaque</strong></span> <span class='ocrx_word' id='word_1_61' title='bbox 1060 1185 1209 1246; x_wconf 89' lang='lat' dir='ltr'><strong>Lutherus</strong></span> 
     </span>
     <span class='ocr_line' id='line_1_9' title="bbox 282 1267 1209 1349; baseline -0.001 -20"><span class='ocrx_word' id='word_1_62' title='bbox 282 1267 379 1349; x_wconf 87' lang='lat' dir='ltr'><strong>paule</strong></span> <span class='ocrx_word' id='word_1_63' title='bbox 402 1273 476 1347; x_wconf 91' lang='lat' dir='ltr'><strong>post</strong></span> <span class='ocrx_word' id='word_1_64' title='bbox 497 1268 649 1329; x_wconf 71' lang='lat' dir='ltr'><strong>calendae</strong></span> <span class='ocrx_word' id='word_1_65' title='bbox 675 1269 838 1332; x_wconf 77' lang='lat' dir='ltr'><strong>lanuarias</strong></span> <span class='ocrx_word' id='word_1_66' title='bbox 865 1292 894 1334; x_wconf 88' lang='lat' dir='ltr'><strong>a.</strong></span> <span class='ocrx_word' id='word_1_67' title='bbox 918 1273 999 1335; x_wconf 86' lang='lat'>1520</span> <span class='ocrx_word' id='word_1_68' title='bbox 1027 1269 1209 1330; x_wconf 89' lang='lat' dir='ltr'><strong>declaratio·</strong></span> 
     </span>
     <span class='ocr_line' id='line_1_10' title="bbox 282 1351 1192 1432; baseline 0 -20"><span class='ocrx_word' id='word_1_69' title='bbox 282 1370 354 1412; x_wconf 89' lang='lat' dir='ltr'><strong>nem</strong></span> <span class='ocrx_word' id='word_1_70' title='bbox 380 1352 447 1411; x_wconf 87' lang='lat' dir='ltr'><strong>eius</strong></span> <span class='ocrx_word' id='word_1_71' title='bbox 470 1352 620 1413; x_wconf 86' lang='lat' dir='ltr'><strong>sermonis</strong></span> <span class='ocrx_word' id='word_1_72' title='bbox 642 1352 698 1413; x_wconf 84' lang='lat' dir='ltr'><strong>sub</strong></span> <span class='ocrx_word' id='word_1_73' title='bbox 719 1353 824 1414; x_wconf 84' lang='lat' dir='ltr'><strong>titulo:</strong></span> <span class='ocrx_word' id='word_1_74' title='bbox 850 1352 1004 1432; x_wconf 63' lang='lat' dir='ltr'><strong>britanna</strong></span> <span class='ocrx_word' id='word_1_75' title='bbox 1028 1351 1192 1427; x_wconf 65' lang='lat' dir='ltr'><strong>Ecclesia!</strong></span> 
     </span>
     <span class='ocr_line' id='line_1_11' title="bbox 207 1432 1295 1517; baseline -0.001 -21"><span class='ocrx_word' id='word_1_76' title='bbox 207 1472 209 1476; x_wconf 93' lang='lat'><em>-</em></span> <span class='ocrx_word' id='word_1_77' title='bbox 284 1432 811 1514; x_wconf 53' lang='grc' dir='ltr'><strong>11101ίηὶἓυῒβετεῐῐίῴετῖῐτΐὶἅεῐε</strong></span> <span class='ocrx_word' id='word_1_78' title='bbox 852 1438 912 1517; x_wconf 80' lang='lat' dir='ltr'><strong>lin</strong></span> <span class='ocrx_word' id='word_1_79' title='bbox 942 1437 1040 1515; x_wconf 67' lang='lat' dir='ltr'><strong>§ciuem</strong></span> <span class='ocrx_word' id='word_1_80' title='bbox 1063 1436 1209 1499; x_wconf 58' lang='lat' dir='ltr'><strong>&amp;eumont</strong></span> <span class='ocrx_word' id='word_1_81' title='bbox 1289 1472 1295 1481; x_wconf 42' lang='grc' dir='ltr'><em>ι</em></span> 
     </span>
     <span class='ocr_line' id='line_1_12' title="bbox 283 1516 1211 1598; baseline -0.004 -18"><span class='ocrx_word' id='word_1_82' title='bbox 283 1533 354 1581; x_wconf 83' lang='lat' dir='ltr'><strong>oon.</strong></span> <span class='ocrx_word' id='word_1_83' title='bbox 376 1521 437 1580; x_wconf 81' lang='lat' dir='ltr'><strong>bem</strong></span> <span class='ocrx_word' id='word_1_84' title='bbox 456 1516 460 1592; x_wconf 85' lang='lat' dir='ltr'><strong>l</strong></span> <span class='ocrx_word' id='word_1_85' title='bbox 480 1519 603 1598; x_wconf 66' lang='lat' dir='ltr'><strong>hetligen</strong></span> <span class='ocrx_word' id='word_1_86' title='bbox 630 1520 783 1597; x_wconf 69' lang='lat' dir='ltr'><strong>[coronent</strong></span> <span class='ocrx_word' id='word_1_87' title='bbox 811 1528 858 1593; x_wconf 71' lang='lat' dir='ltr'><strong>(s.</strong></span> <span class='ocrx_word' id='word_1_88' title='bbox 887 1522 906 1582; x_wconf 88' lang='lat' dir='ltr'><strong>l.</strong></span> <span class='ocrx_word' id='word_1_89' title='bbox 930 1526 961 1581; x_wconf 86' lang='lat' dir='ltr'><strong>at</strong></span> <span class='ocrx_word' id='word_1_90' title='bbox 981 1521 1051 1598; x_wconf 82' lang='lat' dir='ltr'><strong>a),</strong></span> <span class='ocrx_word' id='word_1_91' title='bbox 1084 1520 1115 1578; x_wconf 89' lang='lat' dir='ltr'><strong>in</strong></span> <span class='ocrx_word' id='word_1_92' title='bbox 1149 1536 1211 1596; x_wconf 83' lang='lat' dir='ltr'><strong>qua</strong></span> 
     </span>
     <span class='ocr_line' id='line_1_13' title="bbox 283 1598 1210 1684; baseline -0.001 -23"><span class='ocrx_word' id='word_1_93' title='bbox 283 1598 424 1662; x_wconf 88' lang='lat' dir='ltr'><strong>nondum</strong></span> <span class='ocrx_word' id='word_1_94' title='bbox 447 1599 570 1681; x_wconf 88' lang='lat' dir='ltr'><strong>quidam</strong></span> <span class='ocrx_word' id='word_1_95' title='bbox 589 1608 695 1683; x_wconf 82' lang='lat' dir='ltr'><strong>urget,</strong></span> <span class='ocrx_word' id='word_1_96' title='bbox 718 1603 773 1664; x_wconf 89' lang='lat' dir='ltr'><strong>scd</strong></span> <span class='ocrx_word' id='word_1_97' title='bbox 796 1610 899 1684; x_wconf 84' lang='lat' dir='ltr'><strong>optat,</strong></span> <span class='ocrx_word' id='word_1_98' title='bbox 921 1624 961 1665; x_wconf 85' lang='lat' dir='ltr'><strong>ax</strong></span> <span class='ocrx_word' id='word_1_99' title='bbox 984 1602 1135 1664; x_wconf 90' lang='lat' dir='ltr'><strong>ecclesiae</strong></span> <span class='ocrx_word' id='word_1_100' title='bbox 1157 1600 1210 1660; x_wconf 90' lang='lat' dir='ltr'><strong>de-</strong></span> 
     </span>
     <span class='ocr_line' id='line_1_14' title="bbox 284 1684 1210 1766; baseline -0.001 -23"><span class='ocrx_word' id='word_1_101' title='bbox 284 1690 383 1763; x_wconf 81' lang='lat' dir='ltr'><strong>creto,</strong></span> <span class='ocrx_word' id='word_1_102' title='bbox 407 1684 655 1745; x_wconf 81' lang='lat' dir='ltr'><strong>communionem</strong></span> <span class='ocrx_word' id='word_1_103' title='bbox 678 1686 734 1747; x_wconf 88' lang='lat' dir='ltr'><strong>suh</strong></span> <span class='ocrx_word' id='word_1_104' title='bbox 756 1693 896 1766; x_wconf 88' lang='lat' dir='ltr'><strong>utraque,</strong></span> <span class='ocrx_word' id='word_1_105' title='bbox 919 1686 1074 1747; x_wconf 89' lang='lat' dir='ltr'><strong>Bohemoe</strong></span> <span class='ocrx_word' id='word_1_106' title='bbox 1096 1690 1210 1760; x_wconf 88' lang='lat' dir='ltr'><strong>autem,</strong></span> 
     </span>
     <span class='ocr_line' id='line_1_15' title="bbox 284 1768 1211 1855; baseline -0.002 -28"><span class='ocrx_word' id='word_1_107' title='bbox 284 1768 336 1847; x_wconf 88' lang='lat' dir='ltr'><strong>qui</strong></span> <span class='ocrx_word' id='word_1_108' title='bbox 360 1786 430 1835; x_wconf 91' lang='lat' dir='ltr'><strong>eam</strong></span> <span class='ocrx_word' id='word_1_109' title='bbox 453 1772 586 1847; x_wconf 74' lang='lat' dir='ltr'><strong>servant,</strong></span> <span class='ocrx_word' id='word_1_110' title='bbox 608 1787 663 1847; x_wconf 88' lang='lat' dir='ltr'><strong>pro</strong></span> <span class='ocrx_word' id='word_1_111' title='bbox 685 1768 849 1831; x_wconf 89' lang='lat' dir='ltr'><strong>haereticis</strong></span> <span class='ocrx_word' id='word_1_112' title='bbox 863 1770 969 1831; x_wconf 88' lang='lat' dir='ltr'><strong>haberi</strong></span> <span class='ocrx_word' id='word_1_113' title='bbox 991 1787 1084 1855; x_wconf 89' lang='lat' dir='ltr'><strong>posse</strong></span> <span class='ocrx_word' id='word_1_114' title='bbox 1106 1772 1211 1848; x_wconf 84' lang='lat' dir='ltr'><strong>negat,</strong></span> 
     </span>
     <span class='ocr_line' id='line_1_16' title="bbox 285 1849 1211 1931; baseline 0 -20"><span class='ocrx_word' id='word_1_115' title='bbox 285 1852 358 1931; x_wconf 90' lang='lat' dir='ltr'><strong>quia</strong></span> <span class='ocrx_word' id='word_1_116' title='bbox 381 1849 533 1911; x_wconf 86' lang='lat' dir='ltr'><strong>ecclesiae</strong></span> <span class='ocrx_word' id='word_1_117' title='bbox 547 1869 701 1913; x_wconf 84' lang='lat' dir='ltr'><strong>consensu</strong></span> <span class='ocrx_word' id='word_1_118' title='bbox 714 1852 893 1915; x_wconf 84' lang='lat' dir='ltr'><strong>facultatem</strong></span> <span class='ocrx_word' id='word_1_119' title='bbox 909 1853 993 1913; x_wconf 89' lang='lat' dir='ltr'><strong>illam</strong></span> <span class='ocrx_word' id='word_1_120' title='bbox 1015 1850 1211 1912; x_wconf 80' lang='lat' dir='ltr'><strong>obtinuerint</strong></span> 
     </span>
    </p>
   </div>
   <div class='ocr_carea' id='block_1_3' title="bbox 286 1932 1299 2014">
    <p class='ocr_par' dir='ltr' id='par_1_3' title="bbox 286 1932 1299 2014">
     <span class='ocr_line' id='line_1_17' title="bbox 286 1932 1299 2014; baseline -0.005 -21"><span class='ocrx_word' id='word_1_121' title='bbox 286 1932 386 1994; x_wconf 87' lang='lat' dir='ltr'><strong>Paulo</strong></span> <span class='ocrx_word' id='word_1_122' title='bbox 410 1938 521 2014; x_wconf 88' lang='lat' dir='ltr'><strong>postea</strong></span> <span class='ocrx_word' id='word_1_123' title='bbox 543 1932 594 1995; x_wconf 91' lang='lat' dir='ltr'><strong>die</strong></span> <span class='ocrx_word' id='word_1_124' title='bbox 615 1933 1211 2000; x_wconf 79' lang='lat' dir='ltr'><strong>2t.mensisJanuariia.1520J0hun-</strong></span> <span class='ocrx_word' id='word_1_125' title='bbox 1296 1984 1299 1988; x_wconf 84' lang='lat'><strong>.</strong></span> 
     </span>
    </p>
   </div>
   <div class='ocr_carea' id='block_1_4' title="bbox 284 2014 1287 3507">
    <p class='ocr_par' dir='ltr' id='par_1_4' title="bbox 284 2014 1287 3507">
     <span class='ocr_line' id='line_1_18' title="bbox 286 2014 1211 2100; baseline -0.002 -24"><span class='ocrx_word' id='word_1_126' title='bbox 286 2036 342 2076; x_wconf 86' lang='lat' dir='ltr'><strong>nes</strong></span> <span class='ocrx_word' id='word_1_127' title='bbox 367 2015 406 2076; x_wconf 88' lang='lat' dir='ltr'><strong>de</strong></span> <span class='ocrx_word' id='word_1_128' title='bbox 428 2014 603 2093; x_wconf 80' lang='lat' dir='ltr'><strong>Schleinitn‚</strong></span> <span class='ocrx_word' id='word_1_129' title='bbox 626 2018 791 2100; x_wconf 88' lang='lat' dir='ltr'><strong>episcopus</strong></span> <span class='ocrx_word' id='word_1_130' title='bbox 805 2020 977 2098; x_wconf 82' lang='lat' dir='ltr'><strong>Misnensis,</strong></span> <span class='ocrx_word' id='word_1_131' title='bbox 1000 2018 1138 2097; x_wconf 68' lang='lat' dir='ltr'><strong>Stolpaa</strong></span> <span class='ocrx_word' id='word_1_132' title='bbox 1160 2015 1211 2075; x_wconf 91' lang='lat' dir='ltr'><strong>ubi</strong></span> 
     </span>
     <span class='ocr_line' id='line_1_19' title="bbox 287 2097 1212 2181; baseline -0.001 -22"><span class='ocrx_word' id='word_1_133' title='bbox 287 2097 455 2175; x_wconf 78' lang='lat' dir='ltr'><strong>residebat,</strong></span> <span class='ocrx_word' id='word_1_134' title='bbox 477 2099 609 2161; x_wconf 89' lang='lat' dir='ltr'><strong>edictum</strong></span> <span class='ocrx_word' id='word_1_135' title='bbox 648 2100 759 2181; x_wconf 83' lang='lat' dir='ltr'><strong>edidit,</strong></span> <span class='ocrx_word' id='word_1_136' title='bbox 799 2122 860 2181; x_wconf 90' lang='lat' dir='ltr'><strong>quo</strong></span> <span class='ocrx_word' id='word_1_137' title='bbox 888 2102 1067 2164; x_wconf 83' lang='lat' dir='ltr'><strong>Sermonem</strong></span> <span class='ocrx_word' id='word_1_138' title='bbox 1089 2098 1212 2159; x_wconf 90' lang='lat' dir='ltr'><strong>Lutheri</strong></span> 
     </span>
     <span class='ocr_line' id='line_1_20' title="bbox 285 2181 1214 2266; baseline -0.002 -24"><span class='ocrx_word' id='word_1_139' title='bbox 285 2181 324 2242; x_wconf 90' lang='lat' dir='ltr'><strong>de</strong></span> <span class='ocrx_word' id='word_1_140' title='bbox 348 2181 550 2244; x_wconf 84' lang='lat' dir='ltr'><strong>Sacramento</strong></span> <span class='ocrx_word' id='word_1_141' title='bbox 564 2183 776 2245; x_wconf 76' lang='lat' dir='ltr'><strong>Eucharistiae</strong></span> <span class='ocrx_word' id='word_1_142' title='bbox 799 2186 903 2266; x_wconf 81' lang='lat' dir='ltr'><strong>colligi</strong></span> <span class='ocrx_word' id='word_1_143' title='bbox 921 2193 952 2245; x_wconf 87' lang='lat' dir='ltr'><strong>et</strong></span> <span class='ocrx_word' id='word_1_144' title='bbox 973 2184 1103 2245; x_wconf 89' lang='lat' dir='ltr'><strong>detineri</strong></span> <span class='ocrx_word' id='word_1_145' title='bbox 1119 2182 1214 2262; x_wconf 85' lang='lat' dir='ltr'><strong>jussit</strong></span> 
     </span>
     <span class='ocr_line' id='line_1_21' title="bbox 286 2260 1211 2347; baseline -0.002 -22"><span class='ocrx_word' id='word_1_146' title='bbox 286 2270 416 2345; x_wconf 84' lang='lat' dir='ltr'><strong>propter</strong></span> <span class='ocrx_word' id='word_1_147' title='bbox 437 2265 604 2327; x_wconf 77' lang='lat' dir='ltr'><strong>schismate</strong></span> <span class='ocrx_word' id='word_1_148' title='bbox 635 2273 667 2327; x_wconf 90' lang='lat' dir='ltr'><strong>et</strong></span> <span class='ocrx_word' id='word_1_149' title='bbox 688 2260 836 2329; x_wconf 85' lang='lat' dir='ltr'><strong>scandala</strong></span> <span class='ocrx_word' id='word_1_150' title='bbox 864 2269 1021 2347; x_wconf 87' lang='lat' dir='ltr'><strong>multaque</strong></span> <span class='ocrx_word' id='word_1_151' title='bbox 1049 2266 1111 2326; x_wconf 88' lang='lat' dir='ltr'><strong>alia</strong></span> <span class='ocrx_word' id='word_1_152' title='bbox 1132 2265 1211 2345; x_wconf 90' lang='lat' dir='ltr'><strong>peri-</strong></span> 
     </span>
     <span class='ocr_line' id='line_1_22' title="bbox 285 2347 1211 2427; baseline -0.003 -19"><span class='ocrx_word' id='word_1_153' title='bbox 285 2349 371 2426; x_wconf 84' lang='lat' dir='ltr'><strong>cula,</strong></span> <span class='ocrx_word' id='word_1_154' title='bbox 401 2367 481 2427; x_wconf 88' lang='lat' dir='ltr'><strong>quac</strong></span> <span class='ocrx_word' id='word_1_155' title='bbox 508 2348 580 2410; x_wconf 89' lang='lat' dir='ltr'><strong>inde</strong></span> <span class='ocrx_word' id='word_1_156' title='bbox 609 2358 796 2415; x_wconf 84' lang='lat' dir='ltr'><strong>emanarent.</strong></span> <span class='ocrx_word' id='word_1_157' title='bbox 851 2351 968 2412; x_wconf 79' lang='lat' dir='ltr'><strong>contra</strong></span> <span class='ocrx_word' id='word_1_158' title='bbox 996 2349 1057 2410; x_wconf 91' lang='lat' dir='ltr'><strong>hoc</strong></span> <span class='ocrx_word' id='word_1_159' title='bbox 1079 2347 1211 2409; x_wconf 87' lang='lat' dir='ltr'><strong>edictum</strong></span> 
     </span>
     <span class='ocr_line' id='line_1_23' title="bbox 288 2431 1279 2514; baseline -0.002 -23"><span class='ocrx_word' id='word_1_160' title='bbox 288 2431 518 2511; x_wconf 76' lang='lat' dir='ltr'><strong>imprudentiae</strong></span> <span class='ocrx_word' id='word_1_161' title='bbox 544 2438 577 2493; x_wconf 87' lang='lat' dir='ltr'><strong>et</strong></span> <span class='ocrx_word' id='word_1_162' title='bbox 601 2434 741 2494; x_wconf 86' lang='lat' dir='ltr'><strong>inscitiae</strong></span> <span class='ocrx_word' id='word_1_163' title='bbox 768 2435 893 2514; x_wconf 89' lang='lat' dir='ltr'><strong>planum</strong></span> <span class='ocrx_word' id='word_1_164' title='bbox 915 2434 1063 2495; x_wconf 88' lang='lat' dir='ltr'><strong>Lntherus</strong></span> <span class='ocrx_word' id='word_1_165' title='bbox 1095 2431 1211 2491; x_wconf 90' lang='lat' dir='ltr'><strong>animo·</strong></span> <span class='ocrx_word' id='word_1_166' title='bbox 1276 2438 1279 2449; x_wconf 92' lang='lat'>&#39;</span> 
     </span>
     <span class='ocr_line' id='line_1_24' title="bbox 287 2514 1212 2595; baseline 0 -22"><span class='ocrx_word' id='word_1_167' title='bbox 287 2514 349 2574; x_wconf 93' lang='lat' dir='ltr'><strong>sius</strong></span> <span class='ocrx_word' id='word_1_168' title='bbox 373 2520 405 2574; x_wconf 85' lang='lat' dir='ltr'><strong>et</strong></span> <span class='ocrx_word' id='word_1_169' title='bbox 426 2514 604 2594; x_wconf 86' lang='lat' dir='ltr'><strong>superbius,</strong></span> <span class='ocrx_word' id='word_1_170' title='bbox 639 2516 671 2577; x_wconf 93' lang='lat' dir='ltr'><strong>id</strong></span> <span class='ocrx_word' id='word_1_171' title='bbox 693 2517 774 2595; x_wconf 88' lang='lat' dir='ltr'><strong>quod</strong></span> <span class='ocrx_word' id='word_1_172' title='bbox 799 2537 854 2579; x_wconf 88' lang='lat' dir='ltr'><strong>suo</strong></span> <span class='ocrx_word' id='word_1_173' title='bbox 876 2520 943 2578; x_wconf 89' lang='lat' dir='ltr'><strong>iure</strong></span> <span class='ocrx_word' id='word_1_174' title='bbox 965 2536 999 2577; x_wconf 88' lang='lat' dir='ltr'><strong>ee</strong></span> <span class='ocrx_word' id='word_1_175' title='bbox 1019 2516 1121 2576; x_wconf 87' lang='lat' dir='ltr'><strong>iacere</strong></span> <span class='ocrx_word' id='word_1_176' title='bbox 1143 2532 1212 2594; x_wconf 90' lang='lat' dir='ltr'><strong>pro·</strong></span> 
     </span>
     <span class='ocr_line' id='line_1_25' title="bbox 285 2596 1211 2681; baseline 0.002 -25"><span class='ocrx_word' id='word_1_177' title='bbox 285 2596 390 2657; x_wconf 85' lang='lat' dir='ltr'><strong>fitetur</strong></span> <span class='ocrx_word' id='word_1_178' title='bbox 416 2596 520 2671; x_wconf 87' lang='lat' dir='ltr'><strong>(Luth.</strong></span> <span class='ocrx_word' id='word_1_179' title='bbox 542 2598 622 2679; x_wconf 93' lang='lat' dir='ltr'><strong>Epp.</strong></span> <span class='ocrx_word' id='word_1_180' title='bbox 645 2599 694 2662; x_wconf 92' lang='lat' dir='ltr'><strong>ed.</strong></span> <span class='ocrx_word' id='word_1_181' title='bbox 716 2600 814 2663; x_wconf 81' lang='lat' dir='ltr'><strong>Auris.</strong></span> <span class='ocrx_word' id='word_1_182' title='bbox 837 2600 852 2662; x_wconf 90' lang='lat'><em>1</em></span> <span class='ocrx_word' id='word_1_183' title='bbox 879 2622 909 2681; x_wconf 91' lang='lat' dir='ltr'><strong>p.</strong></span> <span class='ocrx_word' id='word_1_184' title='bbox 930 2602 999 2665; x_wconf 85' lang='grc'><strong>240.</strong></span> <span class='ocrx_word' id='word_1_185' title='bbox 1031 2598 1116 2661; x_wconf 71' lang='lat' dir='ltr'><strong>asab.</strong></span> <span class='ocrx_word' id='word_1_186' title='bbox 1139 2598 1211 2661; x_wconf 82' lang='grc'><strong>245.</strong></span> 
     </span>
     <span class='ocr_line' id='line_1_26' title="bbox 284 2679 1208 2764; baseline 0.001 -21"><span class='ocrx_word' id='word_1_187' title='bbox 284 2682 354 2745; x_wconf 85' lang='grc'><strong>246.</strong></span> <span class='ocrx_word' id='word_1_188' title='bbox 378 2680 467 2745; x_wconf 62' lang='grc'><strong>2901).</strong></span> <span class='ocrx_word' id='word_1_189' title='bbox 491 2679 530 2741; x_wconf 87' lang='lat' dir='ltr'><strong>de</strong></span> <span class='ocrx_word' id='word_1_190' title='bbox 550 2681 657 2743; x_wconf 86' lang='lat' dir='ltr'><strong>Wette</strong></span> <span class='ocrx_word' id='word_1_191' title='bbox 678 2682 701 2760; x_wconf 77' lang='grc' dir='ltr'><strong>Ι,</strong></span> <span class='ocrx_word' id='word_1_192' title='bbox 723 2703 754 2764; x_wconf 92' lang='lat' dir='ltr'><strong>p.</strong></span> <span class='ocrx_word' id='word_1_193' title='bbox 777 2686 846 2749; x_wconf 78' lang='lat'><strong>406.</strong></span> <span class='ocrx_word' id='word_1_194' title='bbox 858 2684 930 2749; x_wconf 88' lang='grc'><strong>408.</strong></span> <span class='ocrx_word' id='word_1_195' title='bbox 945 2684 1016 2747; x_wconf 83' lang='grc'><strong>412.</strong></span> <span class='ocrx_word' id='word_1_196' title='bbox 1033 2683 1104 2744; x_wconf 87' lang='grc'><strong>414.</strong></span> <span class='ocrx_word' id='word_1_197' title='bbox 1127 2681 1208 2756; x_wconf 84' lang='grc'>416)</span> 
     </span>
     <span class='ocr_line' id='line_1_27' title="bbox 284 2762 1210 2847; baseline 0.001 -25"><span class='ocrx_word' id='word_1_198' title='bbox 284 2762 464 2843; x_wconf 81' lang='lat' dir='ltr'><strong>respondit,</strong></span> <span class='ocrx_word' id='word_1_199' title='bbox 497 2765 627 2845; x_wconf 91' lang='lat' dir='ltr'><strong>primum</strong></span> <span class='ocrx_word' id='word_1_200' title='bbox 660 2764 782 2844; x_wconf 87' lang='lat' dir='ltr'><strong>quidem</strong></span> <span class='ocrx_word' id='word_1_201' title='bbox 820 2769 994 2847; x_wconf 82' lang='lat' dir='ltr'><strong>germanice</strong></span> <span class='ocrx_word' id='word_1_202' title='bbox 1026 2764 1082 2825; x_wconf 85' lang='lat' dir='ltr'><strong>die·</strong></span> <span class='ocrx_word' id='word_1_203' title='bbox 1109 2767 1138 2827; x_wconf 83' lang='lat'><strong>7.</strong></span> <span class='ocrx_word' id='word_1_204' title='bbox 1169 2781 1210 2823; x_wconf 90' lang='lat' dir='ltr'><strong>m.</strong></span> 
     </span>
     <span class='ocr_line' id='line_1_28' title="bbox 285 2844 1212 2929; baseline 0 -24"><span class='ocrx_word' id='word_1_205' title='bbox 285 2845 442 2908; x_wconf 81' lang='lat' dir='ltr'><strong>Februarii</strong></span> <span class='ocrx_word' id='word_1_206' title='bbox 485 2866 511 2907; x_wconf 85' lang='lat' dir='ltr'><strong>a.</strong></span> <span class='ocrx_word' id='word_1_207' title='bbox 548 2850 628 2912; x_wconf 83' lang='lat'>1520</span> <span class='ocrx_word' id='word_1_208' title='bbox 663 2848 759 2929; x_wconf 81' lang='lat' dir='ltr'><strong>(Epp.</strong></span> <span class='ocrx_word' id='word_1_209' title='bbox 792 2850 841 2912; x_wconf 92' lang='lat' dir='ltr'><strong>ad.</strong></span> <span class='ocrx_word' id='word_1_210' title='bbox 876 2849 972 2910; x_wconf 79' lang='lat' dir='ltr'><strong>Auris.</strong></span> <span class='ocrx_word' id='word_1_211' title='bbox 995 2848 1023 2924; x_wconf 84' lang='lat'><strong>1,</strong></span> <span class='ocrx_word' id='word_1_212' title='bbox 1058 2846 1143 2909; x_wconf 62' lang='grc'>2411.</span> <span class='ocrx_word' id='word_1_213' title='bbox 1172 2844 1212 2905; x_wconf 92' lang='lat' dir='ltr'><strong>de</strong></span> 
     </span>
     <span class='ocr_line' id='line_1_29' title="bbox 285 2927 1211 3009; baseline 0.001 -21"><span class='ocrx_word' id='word_1_214' title='bbox 285 2928 392 2989; x_wconf 86' lang='lat' dir='ltr'><strong>Wette</strong></span> <span class='ocrx_word' id='word_1_215' title='bbox 413 2928 439 2991; x_wconf 93' lang='grc' dir='ltr'><strong>Ι.</strong></span> <span class='ocrx_word' id='word_1_216' title='bbox 461 2950 491 3009; x_wconf 90' lang='lat' dir='ltr'><strong>p.</strong></span> <span class='ocrx_word' id='word_1_217' title='bbox 515 2930 593 3006; x_wconf 80' lang='lat'>405)</span> <span class='ocrx_word' id='word_1_218' title='bbox 628 2932 658 2992; x_wconf 89' lang='lat' dir='ltr'><strong>in</strong></span> <span class='ocrx_word' id='word_1_219' title='bbox 692 2931 816 2994; x_wconf 84' lang='lat' dir='ltr'><strong>libello:</strong></span> <span class='ocrx_word' id='word_1_220' title='bbox 851 2932 961 2995; x_wconf 62' lang='lat' dir='ltr'><strong>Ecstor</strong></span> <span class='ocrx_word' id='word_1_221' title='bbox 983 2930 1137 2993; x_wconf 53' lang='lat' dir='ltr'><strong>Eunicus</strong></span> <span class='ocrx_word' id='word_1_222' title='bbox 1160 2927 1211 2991; x_wconf 68' lang='lat' dir='ltr'><strong>bu:</strong></span> 
     </span>
     <span class='ocr_line' id='line_1_30' title="bbox 285 3010 1287 3092; baseline -0.004 -19"><span class='ocrx_word' id='word_1_223' title='bbox 285 3012 362 3088; x_wconf 70' lang='lat' dir='ltr'><strong>thess</strong></span> <span class='ocrx_word' id='word_1_224' title='bbox 386 3016 510 3075; x_wconf 75' lang='lat' dir='ltr'><strong>animost</strong></span> <span class='ocrx_word' id='word_1_225' title='bbox 529 3014 533 3091; x_wconf 95' lang='grc' dir='ltr'>Ι</span> <span class='ocrx_word' id='word_1_226' title='bbox 553 3013 614 3090; x_wconf 75' lang='lat' dir='ltr'><strong>call</strong></span> <span class='ocrx_word' id='word_1_227' title='bbox 636 3014 677 3077; x_wconf 81' lang='lat' dir='ltr'><strong>bie</strong></span> <span class='ocrx_word' id='word_1_228' title='bbox 698 3017 784 3091; x_wconf 69' lang='lat' dir='ltr'><strong>tebet,</strong></span> <span class='ocrx_word' id='word_1_229' title='bbox 807 3017 843 3092; x_wconf 64' lang='lat' dir='ltr'><strong>fis</strong></span> <span class='ocrx_word' id='word_1_230' title='bbox 866 3019 945 3077; x_wconf 76' lang='lat' dir='ltr'><strong>unta</strong></span> <span class='ocrx_word' id='word_1_231' title='bbox 966 3017 1017 3076; x_wconf 75' lang='lat' dir='ltr'><strong>bct</strong></span> <span class='ocrx_word' id='word_1_232' title='bbox 1032 3010 1193 3085; x_wconf 64' lang='lat' dir='ltr'><strong>Efficictal</strong></span> <span class='ocrx_word' id='word_1_233' title='bbox 1281 3061 1287 3084; x_wconf 75' lang='lat'><strong>.</strong></span> 
     </span>
     <span class='ocr_line' id='line_1_31' title="bbox 286 3090 1210 3178; baseline -0.005 -21"><span class='ocrx_word' id='word_1_234' title='bbox 286 3102 323 3170; x_wconf 73' lang='lat' dir='ltr'><strong>tu</strong></span> <span class='ocrx_word' id='word_1_235' title='bbox 336 3096 466 3174; x_wconf 61' lang='lat' dir='ltr'><strong>&amp;teipsa</strong></span> <span class='ocrx_word' id='word_1_236' title='bbox 489 3097 553 3173; x_wconf 69' lang='lat' dir='ltr'><strong>sagei</strong></span> <span class='ocrx_word' id='word_1_237' title='bbox 574 3096 606 3171; x_wconf 75' lang='lat' dir='ltr'><strong>io</strong></span> <span class='ocrx_word' id='word_1_238' title='bbox 629 3099 798 3178; x_wconf 68' lang='lat' dir='ltr'><strong>onhpcngm</strong></span> <span class='ocrx_word' id='word_1_239' title='bbox 823 3099 865 3175; x_wconf 89' lang='lat' dir='ltr'><strong>(s.</strong></span> <span class='ocrx_word' id='word_1_240' title='bbox 887 3097 908 3157; x_wconf 89' lang='lat' dir='ltr'><strong>l.</strong></span> <span class='ocrx_word' id='word_1_241' title='bbox 931 3103 962 3156; x_wconf 86' lang='lat' dir='ltr'><strong>et</strong></span> <span class='ocrx_word' id='word_1_242' title='bbox 979 3115 1008 3156; x_wconf 91' lang='lat' dir='ltr'><strong>a.</strong></span> <span class='ocrx_word' id='word_1_243' title='bbox 1030 3094 1067 3155; x_wconf 87' lang='lat' dir='ltr'><strong>ei.</strong></span> <span class='ocrx_word' id='word_1_244' title='bbox 1081 3090 1210 3153; x_wconf 90' lang='lat' dir='ltr'><strong>Welleri</strong></span> 
     </span>
     <span class='ocr_line' id='line_1_32' title="bbox 286 3176 1211 3261; baseline -0.005 -23"><span class='ocrx_word' id='word_1_245' title='bbox 286 3177 410 3258; x_wconf 86' lang='lat' dir='ltr'><strong>Repert.</strong></span> <span class='ocrx_word' id='word_1_246' title='bbox 433 3185 555 3259; x_wconf 83' lang='lat' dir='ltr'><strong>typogr.</strong></span> <span class='ocrx_word' id='word_1_247' title='bbox 577 3199 607 3261; x_wconf 93' lang='lat' dir='ltr'><strong>p.</strong></span> <span class='ocrx_word' id='word_1_248' title='bbox 632 3181 700 3257; x_wconf 82' lang='lat'><strong>178,</strong></span> <span class='ocrx_word' id='word_1_249' title='bbox 722 3180 775 3241; x_wconf 92' lang='lat' dir='ltr'><strong>ubi</strong></span> <span class='ocrx_word' id='word_1_250' title='bbox 796 3180 971 3261; x_wconf 86' lang='lat' dir='ltr'><strong>complures</strong></span> <span class='ocrx_word' id='word_1_251' title='bbox 1000 3178 1089 3238; x_wconf 91' lang='lat' dir='ltr'><strong>huius</strong></span> <span class='ocrx_word' id='word_1_252' title='bbox 1107 3176 1211 3255; x_wconf 88' lang='lat' dir='ltr'><strong>scripti</strong></span> 
     </span>
     <span class='ocr_line' id='line_1_33' title="bbox 288 3256 1212 3345; baseline -0.003 -24"><span class='ocrx_word' id='word_1_253' title='bbox 288 3261 439 3321; x_wconf 89' lang='lat' dir='ltr'><strong>editiones</strong></span> <span class='ocrx_word' id='word_1_254' title='bbox 461 3261 655 3345; x_wconf 83' lang='lat' dir='ltr'><strong>laudantur),</strong></span> <span class='ocrx_word' id='word_1_255' title='bbox 676 3280 767 3342; x_wconf 85' lang='lat' dir='ltr'><strong>quem</strong></span> <span class='ocrx_word' id='word_1_256' title='bbox 790 3263 841 3324; x_wconf 90' lang='lat' dir='ltr'><strong>die</strong></span> <span class='ocrx_word' id='word_1_257' title='bbox 853 3267 899 3327; x_wconf 89' lang='lat'><strong>11.</strong></span> <span class='ocrx_word' id='word_1_258' title='bbox 914 3281 953 3323; x_wconf 89' lang='lat' dir='ltr'><strong>m.</strong></span> <span class='ocrx_word' id='word_1_259' title='bbox 966 3260 1122 3323; x_wconf 78' lang='lat' dir='ltr'><strong>Februarii</strong></span> <span class='ocrx_word' id='word_1_260' title='bbox 1138 3256 1212 3337; x_wconf 83' lang='lat' dir='ltr'><strong>Spa·</strong></span> 
     </span>
     <span class='ocr_line' id='line_1_34' title="bbox 286 3340 1212 3425; baseline -0.003 -22"><span class='ocrx_word' id='word_1_261' title='bbox 286 3341 383 3405; x_wconf 89' lang='lat' dir='ltr'><strong>latino</strong></span> <span class='ocrx_word' id='word_1_262' title='bbox 406 3344 490 3421; x_wconf 74' lang='lat' dir='ltr'><strong>misit</strong></span> <span class='ocrx_word' id='word_1_263' title='bbox 518 3344 621 3419; x_wconf 85' lang='lat' dir='ltr'><strong>(Luth.</strong></span> <span class='ocrx_word' id='word_1_264' title='bbox 647 3346 725 3425; x_wconf 87' lang='lat' dir='ltr'><strong>Epp.</strong></span> <span class='ocrx_word' id='word_1_265' title='bbox 757 3346 805 3409; x_wconf 91' lang='lat' dir='ltr'><strong>ad.</strong></span> <span class='ocrx_word' id='word_1_266' title='bbox 840 3345 971 3407; x_wconf 85' lang='lat' dir='ltr'><strong>Auris.l</strong></span> <span class='ocrx_word' id='word_1_267' title='bbox 1001 3365 1030 3425; x_wconf 92' lang='lat' dir='ltr'><strong>p.</strong></span> <span class='ocrx_word' id='word_1_268' title='bbox 1054 3342 1141 3407; x_wconf 62' lang='lat'><strong>24212.</strong></span> <span class='ocrx_word' id='word_1_269' title='bbox 1172 3340 1212 3401; x_wconf 89' lang='lat' dir='ltr'><strong>de</strong></span> 
     </span>
     <span class='ocr_line' id='line_1_35' title="bbox 286 3425 1209 3507; baseline 0.001 -20"><span class='ocrx_word' id='word_1_270' title='bbox 286 3425 392 3488; x_wconf 87' lang='lat' dir='ltr'><strong>Wette</strong></span> <span class='ocrx_word' id='word_1_271' title='bbox 414 3426 427 3486; x_wconf 93' lang='grc'>1</span> <span class='ocrx_word' id='word_1_272' title='bbox 448 3447 478 3507; x_wconf 90' lang='lat' dir='ltr'><strong>p.</strong></span> <span class='ocrx_word' id='word_1_273' title='bbox 501 3430 572 3493; x_wconf 82' lang='lat'><strong>408.</strong></span> <span class='ocrx_word' id='word_1_274' title='bbox 596 3428 666 3490; x_wconf 91' lang='lat' dir='ltr'><strong>coll.</strong></span> <span class='ocrx_word' id='word_1_275' title='bbox 683 3427 924 3490; x_wconf 72' lang='lat' dir='ltr'><strong>Sackendffist.</strong></span> <span class='ocrx_word' id='word_1_276' title='bbox 937 3428 1060 3489; x_wconf 85' lang='lat' dir='ltr'><strong>Luther.</strong></span> <span class='ocrx_word' id='word_1_277' title='bbox 1083 3426 1106 3499; x_wconf 82' lang='lat'><strong>1,</strong></span> <span class='ocrx_word' id='word_1_278' title='bbox 1132 3432 1159 3499; x_wconf 69' lang='grc'><strong>5.</strong></span> <span class='ocrx_word' id='word_1_279' title='bbox 1171 3426 1209 3488; x_wconf 87' lang='grc'><strong>67</strong></span> 
     </span>
    </p>
   </div>
   <div class='ocr_carea' id='block_1_5' title="bbox 286 3507 1303 3592">
    <p class='ocr_par' dir='ltr' id='par_1_5' title="bbox 286 3507 1303 3592">
     <span class='ocr_line' id='line_1_36' title="bbox 286 3507 1303 3592; baseline -0.011 -17"><span class='ocrx_word' id='word_1_280' title='bbox 286 3528 314 3588; x_wconf 86' lang='lat' dir='ltr'><strong>p.</strong></span> <span class='ocrx_word' id='word_1_281' title='bbox 338 3510 378 3574; x_wconf 84' lang='lat'><strong>98</strong></span> <span class='ocrx_word' id='word_1_282' title='bbox 402 3509 441 3569; x_wconf 93' lang='lat' dir='ltr'><strong>de</strong></span> <span class='ocrx_word' id='word_1_283' title='bbox 462 3510 583 3571; x_wconf 84' lang='lat' dir='ltr'><strong>Miltitio</strong></span> <span class='ocrx_word' id='word_1_284' title='bbox 606 3510 687 3592; x_wconf 91' lang='lat' dir='ltr'><strong>apud</strong></span> <span class='ocrx_word' id='word_1_285' title='bbox 711 3514 806 3592; x_wconf 88' lang='lat' dir='ltr'><strong>episc.</strong></span> <span class='ocrx_word' id='word_1_286' title='bbox 826 3513 1011 3572; x_wconf 86' lang='lat' dir='ltr'><strong>Misnensem</strong></span> <span class='ocrx_word' id='word_1_287' title='bbox 1036 3507 1209 3585; x_wconf 85' lang='lat' dir='ltr'><strong>versante),</strong></span> <span class='ocrx_word' id='word_1_288' title='bbox 1298 3548 1303 3553; x_wconf 81' lang='lat'><em>-</em></span> 
     </span>
    </p>
   </div>
   <div class='ocr_carea' id='block_1_6' title="bbox 287 3592 1212 4087">
    <p class='ocr_par' dir='ltr' id='par_1_6' title="bbox 287 3592 1212 4087">
     <span class='ocr_line' id='line_1_37' title="bbox 287 3592 1210 3674; baseline -0.005 -22"><span class='ocrx_word' id='word_1_289' title='bbox 287 3600 396 3671; x_wconf 88' lang='lat' dir='ltr'><strong>postea</strong></span> <span class='ocrx_word' id='word_1_290' title='bbox 417 3592 512 3671; x_wconf 87' lang='lat' dir='ltr'><strong>paulo</strong></span> <span class='ocrx_word' id='word_1_291' title='bbox 535 3595 690 3674; x_wconf 89' lang='lat' dir='ltr'><strong>copiosius</strong></span> <span class='ocrx_word' id='word_1_292' title='bbox 714 3594 809 3658; x_wconf 87' lang='lat' dir='ltr'><strong>latine</strong></span> <span class='ocrx_word' id='word_1_293' title='bbox 830 3597 861 3660; x_wconf 87' lang='lat' dir='ltr'><strong>iu</strong></span> <span class='ocrx_word' id='word_1_294' title='bbox 884 3595 1010 3670; x_wconf 76' lang='lat' dir='ltr'><strong>libello,</strong></span> <span class='ocrx_word' id='word_1_295' title='bbox 1043 3594 1091 3652; x_wconf 89' lang='lat' dir='ltr'><strong>cui</strong></span> <span class='ocrx_word' id='word_1_296' title='bbox 1119 3593 1210 3651; x_wconf 87' lang='lat' dir='ltr'><strong>istam</strong></span> 
     </span>
     <span class='ocr_line' id='line_1_38' title="bbox 288 3675 762 3755; baseline 0.008 -21"><span class='ocrx_word' id='word_1_297' title='bbox 288 3675 466 3736; x_wconf 88' lang='lat' dir='ltr'><strong>schedulam</strong></span> <span class='ocrx_word' id='word_1_298' title='bbox 487 3677 585 3755; x_wconf 87' lang='lat' dir='ltr'><strong>ipsam</strong></span> <span class='ocrx_word' id='word_1_299' title='bbox 608 3677 762 3745; x_wconf 51' lang='lat' dir='ltr'><strong>adiunxit.¹</strong></span> 
     </span>
     <span class='ocr_line' id='line_1_39' title="bbox 325 3756 1121 3839; baseline -0.004 -21"><span class='ocrx_word' id='word_1_300' title='bbox 325 3757 361 3818; x_wconf 90' lang='lat' dir='ltr'><strong>In</strong></span> <span class='ocrx_word' id='word_1_301' title='bbox 378 3758 478 3819; x_wconf 86' lang='lat' dir='ltr'><strong>lucem</strong></span> <span class='ocrx_word' id='word_1_302' title='bbox 501 3758 616 3839; x_wconf 90' lang='lat' dir='ltr'><strong>prodiit</strong></span> <span class='ocrx_word' id='word_1_303' title='bbox 636 3760 686 3820; x_wconf 89' lang='lat' dir='ltr'><strong>hic</strong></span> <span class='ocrx_word' id='word_1_304' title='bbox 707 3760 828 3821; x_wconf 89' lang='lat' dir='ltr'><strong>libellus</strong></span> <span class='ocrx_word' id='word_1_305' title='bbox 852 3760 908 3823; x_wconf 83' lang='lat' dir='ltr'><strong>sub</strong></span> <span class='ocrx_word' id='word_1_306' title='bbox 929 3760 991 3821; x_wconf 89' lang='lat' dir='ltr'><strong>hoe</strong></span> <span class='ocrx_word' id='word_1_307' title='bbox 1014 3756 1121 3819; x_wconf 88' lang='lat' dir='ltr'><strong>titulo:</strong></span> 
     </span>
     <span class='ocr_line' id='line_1_40' title="bbox 389 3839 1211 3920; baseline -0.005 -19"><span class='ocrx_word' id='word_1_308' title='bbox 389 3840 439 3901; x_wconf 89' lang='lat' dir='ltr'><strong>Ad</strong></span> <span class='ocrx_word' id='word_1_309' title='bbox 467 3839 650 3907; x_wconf 83' lang='lat' dir='ltr'><strong>Schednlam</strong></span> <span class='ocrx_word' id='word_1_310' title='bbox 680 3842 871 3906; x_wconf 87' lang='lat' dir='ltr'><strong>inhibitionis</strong></span> <span class='ocrx_word' id='word_1_311' title='bbox 899 3842 956 3905; x_wconf 88' lang='lat' dir='ltr'><strong>sub</strong></span> <span class='ocrx_word' id='word_1_312' title='bbox 985 3841 1112 3902; x_wconf 88' lang='lat' dir='ltr'><strong>nomine</strong></span> <span class='ocrx_word' id='word_1_313' title='bbox 1140 3839 1211 3920; x_wconf 87' lang='lat' dir='ltr'><strong>Epi·</strong></span> 
     </span>
     <span class='ocr_line' id='line_1_41' title="bbox 391 3922 1212 4007; baseline 0 -24"><span class='ocrx_word' id='word_1_314' title='bbox 391 3925 479 4003; x_wconf 90' lang='lat' dir='ltr'><strong>scopi</strong></span> <span class='ocrx_word' id='word_1_315' title='bbox 490 3924 619 3988; x_wconf 83' lang='lat' dir='ltr'><strong>ldisncn.</strong></span> <span class='ocrx_word' id='word_1_316' title='bbox 636 3925 749 3987; x_wconf 87' lang='lat' dir='ltr'><strong>editam</strong></span> <span class='ocrx_word' id='word_1_317' title='bbox 772 3946 865 4007; x_wconf 90' lang='lat' dir='ltr'><strong>super</strong></span> <span class='ocrx_word' id='word_1_318' title='bbox 885 3943 1028 3986; x_wconf 90' lang='lat' dir='ltr'><strong>sermone</strong></span> <span class='ocrx_word' id='word_1_319' title='bbox 1050 3922 1089 3983; x_wconf 88' lang='lat' dir='ltr'><strong>de</strong></span> <span class='ocrx_word' id='word_1_320' title='bbox 1110 3940 1212 3983; x_wconf 89' lang='lat' dir='ltr'><strong>sacra·</strong></span> 
     </span>
     <span class='ocr_line' id='line_1_42' title="bbox 390 4006 1210 4087; baseline -0.001 -20"><span class='ocrx_word' id='word_1_321' title='bbox 390 4014 495 4071; x_wconf 87' lang='lat' dir='ltr'><strong>mento</strong></span> <span class='ocrx_word' id='word_1_322' title='bbox 515 4006 729 4073; x_wconf 80' lang='lat' dir='ltr'><strong>Eucharistiae</strong></span> <span class='ocrx_word' id='word_1_323' title='bbox 757 4009 879 4071; x_wconf 84' lang='lat' dir='ltr'><strong>Martini</strong></span> <span class='ocrx_word' id='word_1_324' title='bbox 914 4008 1039 4069; x_wconf 83' lang='lat' dir='ltr'><strong>Lutheri-</strong></span> <span class='ocrx_word' id='word_1_325' title='bbox 1069 4006 1210 4087; x_wconf 79' lang='lat' dir='ltr'><strong>Augusti.</strong></span> 
     </span>
    </p>
   </div>
   <div class='ocr_carea' id='block_1_7' title="bbox 0 0 1592 4792">
    <p class='ocr_par' dir='ltr' id='par_1_7' title="bbox 0 0 1592 4792">
     <span class='ocr_line' id='line_1_43' title="bbox 0 0 1592 4792; baseline 0 0"><span class='ocrx_word' id='word_1_326' title='bbox 0 0 1592 4792; x_wconf 95' lang='lat' dir='ltr'><strong> </strong></span> 
     </span>
    </p>
   </div>
  </div>
 </body>
</html>
