3159 4792
602 547 638 606 ile
655 555 723 606 voto
741 550 920 623 religionum.
1156 544 1219 615 347

320 733 371 799 34.
394 731 466 796 Vox
487 735 719 799 ituvoventium
731 742 779 800 est
799 736 891 800 bueo:
914 738 1023 801 Voveo
1040 736 1104 817 tibi,
1125 736 1219 819 Dent,

304 818 399 878 totius
422 819 507 879 vitoe
527 822 709 903 sacrilegum
731 822 930 903 impietatem.

323 902 374 965 35.
396 900 489 962 Tales
511 904 648 985 religiosi
671 912 743 966 sunt
767 905 882 966 similes
904 905 954 967 vel
976 906 1099 987 peiores
1122 904 1224 967 Gallis

301 988 333 1043 et
354 983 530 1047 Vestalibus
550 988 699 1068 gentium.

322 1068 374 1131 36.
395 1068 461 1128 lmo
484 1085 553 1130 eum
570 1071 714 1132 Monosse
735 1073 830 1153 impio
854 1073 987 1133 eultores
1009 1070 1219 1134 suntMolooh

300 1150 332 1209 in
355 1151 437 1211 velle
459 1151 582 1215 Ennon.

323 1231 376 1298 57.
398 1232 479 1309 Quis
501 1242 575 1298 voto
596 1256 652 1299 sno
664 1238 812 1318 opinione
832 1238 966 1299 iustitiae
989 1245 1020 1299 et
1040 1238 1146 1299 solutis
1168 1256 1220 1299 vo-

300 1321 386 1395 vent,
431 1336 465 1377 er
484 1318 553 1400 ipsu
573 1321 739 1400 parandus.

322 1400 375 1464 38.
397 1337 498 1475 guum
532 1405 711 1483 opinionem
748 1404 808 1465 soli
830 1405 1075 1466 miserentiDeo
1098 1404 1222 1484 debent,

302 1488 334 1543 et
357 1481 432 1545 dent
452 1503 521 1545 earn
543 1488 688 1567 operibns
710 1488 782 1552 suis.

324 1566 374 1630 39.
397 1566 449 1628 eie
469 1586 524 1647 per
545 1577 620 1631 vote
646 1589 703 1631 sne
724 1589 802 1652 opus
826 1587 969 1632 mannum
1001 1589 1122 1632 suarum
1146 1566 1221 1631 edo·

305 1656 386 1727 runt,
409 1656 441 1710 et
462 1651 568 1720 oolnnt
589 1672 645 1733 pro
667 1653 746 1716 Deo.

324 1732 376 1795 40.
398 1731 489 1794 Fides
511 1736 592 1795 enim
630 1742 678 1797 est
699 1756 737 1798 ee
771 1738 877 1817 opinio
901 1736 1020 1817 cordis,
1054 1754 1115 1815 qua
1137 1732 1222 1796 solus

302 1834 382 1875 unns
404 1836 494 1878 verus
516 1818 599 1879 Deus
621 1820 770 1880 colendus
793 1826 847 1880 est.
1200 1836 1204 1841 '

322 1899 374 1961 41.
397 1899 463 1960 imo
484 1900 650 1963 infidelitas
674 1910 706 1964 et
717 1905 905 1985 perversitas
927 1902 1030 1966 cordis
1052 1907 1083 1963 et
1103 1917 1222 1962 summe

299 1982 343 2041 im
366 1982 456 2048 istus.
1003 2027 1006 2031 -

324 2002 373 2127 43.
397 2066 611 2147 Melitensium,
631 2068 680 2130 his
701 2063 891 2130 infidelitatis
914 2069 1121 2149 temporibus,
1142 2069 1222 2129 inter

301 2147 389 2208 mille
411 2150 463 2209 vix
485 2169 577 2211 unum
600 2153 651 2232 pie
673 2171 800 2215 vovere.

323 2232 371 2293 43.
395 2231 558 2295 Probabile
591 2236 673 2295 enim
706 2241 774 2314 est,
808 2252 869 2293 non
892 2234 987 2295 luisse
1009 2240 1155 2311 volutos,
1196 2233 1222 2293 si

301 2315 434 2376 seissent
444 2335 503 2377 nee
514 2318 670 2394 iustitiam,
683 2318 877 2380 neosalutem
885 2323 1020 2397 pervotn
1032 2317 1222 2397 contingere.

323 2398 374 2459 44.
398 2397 535 2474 Quorum
556 2420 620 2462 vox
640 2401 671 2461 id
694 2401 871 2476 confitetur,
895 2400 1015 2461 diosus:
1044 2398 1124 2475 Quid
1146 2399 1221 2461 elio·

303 2480 356 2559 qni
378 2481 513 2543 iacerem
533 2484 566 2543 in
588 2487 786 2548 monasterio.

323 2565 373 2628 45.
397 2563 513 2626 Omnes
540 2567 618 2627 iales
646 2566 794 2629 edversus
816 2568 983 2628 Dominum
1014 2571 1046 2645 et
1067 2566 1221 2628 Christum

303 2647 371 2706 eius
394 2649 575 2729 sacrilegum
600 2652 708 2711 vivunt
728 2652 921 2732 religionem.

312 2732 375 2794 46.
397 2730 487 2792 Unde
515 2739 547 2793 et
568 2733 666 2814 n‘gide
688 2734 845 2815 punienda
873 2740 942 2794 sunt
965 2732 1116 2794 eiusmodi
1139 2738 1222 2814 vote,

303 2811 419 2873 nedum
441 2816 620 2895 rumpendo.

322 2897 372 2960 47.
399 2895 440 2957 lit
473 2917 511 2959 eo
538 2901 727 2961 monasterie
754 2918 811 2962 eeu
846 2904 974 2959 satanae
1009 2903 1040 2958 et
1073 2898 1169 2958 lustro
1190 2901 1221 2958 et

301 2977 472 3059 prostibula
493 2982 561 3042 solo
585 2981 755 3062 sequendo.

320 3062 372 3125 48.
394 3062 461 3123 Nee
481 3082 537 3125 eos
550 3061 714 3144 quiequam
736 3067 830 3138 iuvet,
854 3062 936 3144 quod
959 3079 1014 3123 sue
1035 3061 1166 3142 informi,
1187 3060 1218 3121 id
1237 3117 1250 3143 ‚

302 3150 360 3220 est,
382 3143 455 3205 fietu
475 3146 537 3208 lide
560 3167 595 3209 se
615 3166 730 3210 vovere
752 3153 784 3210 et
805 3151 908 3209 vivere
929 3147 1053 3207 inolent.
1100 3187 1103 3193 -

321 3230 373 3292 49.
395 3226 465 3290 Neo
481 3231 687 3292 voluntarium
709 3232 783 3292 illud
808 3231 944 3311 prodest,
966 3229 1050 3309 qnod
1072 3246 1090 3290 e
1112 3232 1221 3290 notura

302 3316 334 3370 et
355 3309 453 3372 libero
475 3313 599 3375 arbitrio
620 3314 749 3395 lingunt.

322 3394 371 3457 50.
393 3393 451 3455 Est
470 3397 575 3476 iisqne
597 3396 654 3459 sibi
674 3394 818 3459 eonseius
841 3398 967 3477 uliquis,
1003 3413 1072 3457 sese
1092 3394 1152 3456 hae
1174 3412 1219 3455 so

302 3476 437 3557 erilegne
459 3480 613 3559 opinionis
635 3481 794 3560 impietate
817 3482 950 3541 vovisse.

321 3563 373 3623 51.
397 3559 456 3621 Hie
478 3562 553 3624 nibil
575 3564 688 3624 morari
710 3564 804 3625 debet
816 3564 998 3645 papistieurn
1021 3560 1217 3623 autoritatem

301 3649 355 3701 sut
377 3643 461 3723 vulgi
485 3646 694 3726 opprobrium.

290 3753 297 3767 ¹
321 3727 373 3789 52.
395 3724 457 3787 Sed
479 3728 587 3789 solutis
616 3748 691 3790 sune
718 3730 869 3790 rationem
894 3728 1046 3810 praeierat
1068 3724 1221 3806 omnibus,

181 3823 182 3896 ζ
302 3815 333 3867 et
354 3815 461 3870 votum
484 3828 553 3872 oum
575 3812 768 3892 professione
789 3813 952 3892 relinqunt.

323 3892 374 3955 53.
395 3892 505 3954 Melius
527 3901 575 3957 est
588 3901 762 3975 apostatum
776 3915 845 3956 esse
862 3895 972 3956 inferni
995 3899 1026 3954 et
1046 3893 1222 3974 impietatis,

301 3977 499 4121 fflameli
520 3984 552 4041 et
570 3978 706 4061 pietatis,
729 3984 761 4038 ut
780 3978 1015 4041 Proverbiorum
1036 3982 1127 4041 sexto
1150 3994 1222 4043 oon-
