3159 4792
503 521 515 530 ’“
556 540 559 546 ’
666 516 703 570 ad
721 517 840 572 honam
861 519 892 574 x.
1157 519 1219 588 217

294 712 460 774 personam
481 694 653 767 honorem,
685 695 716 750 et
747 689 843 750 literis
864 689 1042 752 humilitatis
1072 711 1217 756 excusem

293 778 503 840 innocentiam
520 785 551 839 et
571 783 655 836 tuam
679 782 710 834 et
731 793 841 853 meam,
865 793 933 836 esse
946 775 1047 838 adhuc
1067 795 1132 839 rem
1154 797 1217 840 non

292 861 323 920 in
344 866 487 922 extremo
518 857 743 941 desperationis
770 858 857 935 loco,
885 860 912 918 si
934 858 997 920 Leo
1020 859 1056 924 X.
1080 880 1136 940 pro
1164 879 1219 922 sua

295 944 404 1004 innata
424 943 564 1007 bonitate
593 962 715 1006 manum
740 940 929 1002 admoveret.
971 941 1030 1004 Hic
1052 963 1135 1026 ego,
1168 945 1219 1024 qui

296 1045 422 1106 semper
443 1046 551 1108 paoem
574 1034 605 1087 et
626 1025 723 1088 obtuli
746 1032 777 1085 et
799 1027 923 1104 optavi,
946 1032 979 1086 ut
999 1026 1218 1106 placidioribus

292 1118 324 1170 et
344 1110 518 1172 utilioribus
531 1108 639 1172 studiis
650 1110 839 1186 inservirem,
863 1127 931 1169 oum
944 1115 976 1170 et
996 1110 1026 1171 in
1039 1110 1100 1173 hoc
1117 1113 1219 1192 ipsum

294 1198 381 1254 tanto
404 1195 592 1282 spiritupsim
606 1193 814 1272 tumultuatus,
835 1199 868 1255 ut
881 1212 946 1273 eos,
969 1194 1131 1272 quosmihi
1153 1195 1218 1256 lou-

292 1277 423 1356 gissime
444 1277 577 1357 impares
600 1295 670 1337 esse
690 1274 851 1356 videbam,
880 1276 1089 1358 magnitudine
1111 1283 1143 1338 et
1162 1279 1218 1339 im·

295 1365 369 1439 patu
392 1366 455 1420 tam
478 1361 640 1422 verborum
661 1379 751 1439 quam
775 1359 869 1420 animi
891 1378 1132 1440 compescerem,
1154 1381 1218 1424 non

293 1442 389 1504 modo
412 1442 513 1504 libens
535 1445 624 1520 cessi,
645 1442 701 1503 sed
722 1449 833 1504 etcum
856 1442 970 1522 gaudio
992 1449 1024 1503 et
1034 1444 1219 1524 gratitudine

291 1527 455 1606 acceptavi
495 1532 529 1587 ut
564 1527 769 1608 fflafissimum
807 1525 1006 1606 beneficium,
1039 1528 1065 1586 si
1093 1527 1218 1608 dignum

291 1609 386 1670 fuerit
407 1611 473 1690 spei
495 1617 621 1672 nostroe
642 1610 828 1671 satisfacere.
1040 1683 1043 1696 Ι

381 1692 429 1752 lta
449 1695 552 1772 venio,
574 1692 863 1770 beatissimePater,
885 1691 1027 1753 etadhnc
1047 1701 1219 1772 prostratus

290 1793 380 1855 rogo,
401 1774 504 1838 sifieri
517 1782 630 1856 potest,
653 1776 940 1856 manumssapponas,
964 1781 996 1836 et
1009 1774 1218 1838 adulatoribus

291 1859 373 1935 istis,
402 1860 488 1938 pacis
509 1860 665 1936 boribus,
694 1857 767 1920 dum
789 1878 898 1938 pacem
916 1858 1079 1938 simulant,
1100 1859 1219 1921 frenum

289 1942 419 2004 iniicias.
463 1942 559 2004 Porro
587 1943 774 2024 palinodiam
809 1949 843 2003 ut
881 1961 1006 2021 canam,
1042 1943 1218 2006 beatissime

290 2023 399 2104 Pater,
429 2031 577 2106 nonest,
605 2020 695 2105 'quod
717 2026 796 2086 ullus
819 2037 1008 2105 praesumat,
1042 2026 1100 2089 nisi
1132 2026 1220 2088 malit

289 2107 391 2168 adhuc
430 2109 547 2170 maiore
579 2110 699 2171 turbine
731 2128 856 2170 causam
888 2111 1055 2172 involvere.
1098 2109 1219 2170 Deinde

290 2189 379 2271 leges
400 2191 621 2272 interpretandi
642 2191 728 2254 verbi
740 2192 798 2252 Dei
820 2212 883 2254 non
907 2197 1016 2273 patior,
1039 2211 1107 2252 cum
1130 2211 1218 2272 opor·

291 2278 356 2334 teat
381 2274 508 2335 verbum
530 2276 589 2336 Dei
611 2294 765 2337 essenon
787 2275 963 2356 alligatum,
993 2274 1075 2358 quod
1098 2275 1219 2337 liberta-

289 2361 351 2417 tem
382 2355 474 2418 docet
505 2359 640 2419 omnium
668 2358 808 2420 aliorum.
849 2358 904 2420 His
932 2359 1051 2422 duobus
1078 2359 1214 2434 salvisl)

289 2439 366 2499 nihil
388 2445 444 2516 ast,
467 2440 550 2520 qnod
571 2441 755 2502 nonfacere
777 2449 809 2503 et
827 2444 891 2522 pati
913 2445 1039 2524 possim,
1063 2461 1099 2502 ao
1121 2442 1216 2503 liben-

290 2523 408 2583 tissime
426 2523 528 2601 velim,
542 2526 759 2586 contentiones
773 2525 835 2601 odi,
859 2528 1016 2588 neminem
1026 2525 1216 2608 provocabo,

288 2604 342 2666 sed
366 2607 533 2685 provocari
555 2627 658 2668 rursus
680 2609 766 2686 nolo,
784 2617 973 2688 provocatus
996 2617 1109 2687 autem,
1132 2609 1216 2670 Chri·

292 2695 340 2748 sto
365 2689 528 2769 magistro,
557 2691 689 2772 elinguis
722 2711 785 2751 non
822 2712 884 2754 ero.
928 2694 1044 2754 Poterit
1077 2695 1157 2752 enim
1180 2692 1214 2754 T.

290 2769 323 2830 Β.
346 2770 433 2831 brevi
466 2780 497 2832 et
516 2773 600 2834 facili
633 2772 728 2835 verbo
753 2776 1010 2838 contentionibus
1031 2778 1097 2839 istis
1121 2775 1158 2836 ad
1182 2796 1216 2838 se

289 2855 409 2914 vocatis
442 2861 474 2915 et
501 2858 659 2917 exstinctis
679 2857 833 2918 silentium
871 2873 900 2919 et
931 2879 1039 2938 paoem
1074 2860 1215 2938 utrinque

290 2936 456 3014 mandare,
477 2938 507 2998 id
531 2939 613 3019 quod
636 2959 758 3020 semper
781 2941 886 3002 audire
909 2940 1089 3002 desideravi.

371 3019 515 3102 P10inde,
538 3023 580 3081 mi
600 3022 663 3084 Leo
685 3029 788 3102 pater,
818 3043 896 3084 cave
918 3023 1041 3085 Sirenas
1064 3025 1140 3082 istos
1163 3043 1214 3083 au·

287 3101 364 3182 dias,
386 3105 439 3183 qui
461 3109 492 3166 te
512 3124 576 3166 non
598 3125 706 3186 purum
728 3105 903 3186 hominem,
926 3106 980 3170 sed
1004 3108 1131 3166 mixtum
1154 3106 1212 3166 Dc·

288 3205 338 3244 um
361 3185 494 3266 iaciunt,
528 3194 561 3248 ut
582 3191 710 3268 quaevis
732 3190 878 3250 mandare
901 3198 932 3250 et
954 3191 1079 3270 exigere
1100 3190 1212 3268 possis.

182 3296 183 3301 ¹
286 3267 360 3330 Non
383 3268 437 3331 fiet
454 3271 506 3349 ita,
528 3289 587 3332 nec
608 3272 810 3351 praevalebis.
854 3273 965 3334 Servus
988 3293 1146 3334 servorum
1169 3293 1213 3350 es,

286 3357 317 3411 et
337 3371 415 3431 prae
437 3353 578 3414 omnibus
591 3353 764 3416 hominibus
777 3357 948 3418 miserrimo
971 3362 1002 3418 et
1020 3357 1213 3438 periculosis·

285 3435 365 3494 simo
388 3434 470 3496 loco.
514 3436 585 3498 Non
607 3443 638 3498 te
659 3438 776 3516 fallant,
800 3441 850 3517 qui
873 3445 904 3500 te
920 3440 1083 3500 Dominum
1108 3438 1213 3498 mundi

289 3515 422 3599 lingunt,
444 3520 584 3598 quisine
607 3527 660 3581 tua
680 3523 846 3583 autoritate
867 3521 983 3583 nullum
1007 3522 1211 3583 Christianum

289 3619 362 3662 esse
385 3601 507 3680 sinunt,
530 3603 581 3682 qui
603 3610 634 3664 te
655 3605 687 3663 in
710 3604 845 3678 coelum,
878 3605 1046 3680 infernum,
1069 3611 1211 3684 purgato·

288 3684 370 3743 rium
393 3701 488 3763 posse
511 3685 626 3765 aliquid
648 3688 793 3767 garriunt.
836 3687 949 3748 Hostes
972 3688 1004 3748 hi
1031 3690 1073 3747 tui
1095 3693 1166 3746 sunt
1183 3693 1214 3747 et

286 3767 425 3827 animam
447 3770 530 3828 tuam
553 3768 592 3829 ad
619 3768 811 3849 perdendum
834 3777 994 3849 quaerunt,
1016 3772 1096 3831 siout
1114 3769 1211 3832 Isaiae

340 3952 369 4018 1)
388 3953 422 4008 In
443 3954 486 4011 ed.
507 3957 578 4026 orig.
597 3957 667 4010 hoec
684 3958 788 4011 verbo:
806 3958 849 4011 his
870 3958 978 4012 duobus
998 3957 1095 4026 salvis,
1113 3975 1211 4028 poran-

287 4023 372 4079 thesis
391 4027 479 4096 signio
500 4026 686 4083 includuntur.
