3159 4792
514 517 551 573 ad
569 517 834 574 condemnationem
852 516 1044 572 doctrinalem.
1168 513 1230 582 205

309 707 487 785 intelleeta,
522 707 672 788 prolixior
692 706 774 786 liam,
797 723 888 784 quam
909 705 953 766 illi
975 705 1165 784 mereantur,
1201 712 1232 766 et

311 811 404 872 quam
425 791 495 872 pius
515 791 614 852 leotor
633 791 712 852 ferre
733 790 842 871 possit,
864 808 958 850 unum
980 788 1060 868 dieo,
1084 788 1157 849 mihi
1169 808 1230 850 non

311 876 452 957 potuisse
473 873 666 954 persuaderi,
688 874 739 935 vel
760 874 862 934 multis
877 865 1068 952 Nestoribus,
1090 891 1159 933 esse
1176 872 1233 934 Lo·

312 960 395 1019 vanii
418 963 449 1018 st
470 957 620 1018 Coloniae
641 964 701 1018 tam
724 976 846 1018 orassos
868 956 1046 1036 theologos,
1075 957 1142 1039 qui,
1176 957 1233 1017 etsi

313 1044 345 1103 in
366 1040 559 1102 Reuohliana
581 1059 675 1101 eausa
695 1040 856 1120 insigniter
883 1039 1102 1119 deliraverunt,
1131 1041 1232 1100 mitius

316 1133 421 1186 tamen
444 1142 536 1203 quam
557 1125 590 1184 in
611 1123 670 1184 hae
692 1142 763 1184 mea
782 1122 996 1187 deliraverunt.

397 1205 502 1282 Quare
522 1208 632 1268 esteris
653 1207 858 1286 eontemptis‚
881 1211 912 1268 et
932 1204 972 1266 ad
999 1205 1108 1266 horum
1131 1225 1233 1267 exem-

314 1293 398 1373 plum
420 1291 611 1375 aestimatis,
625 1308 665 1368 ne
686 1289 812 1354 libidine
832 1288 1005 1370 ipsestandi
1025 1289 1134 1352 videar.
1152 1307 1233 1353 sorn-

314 1375 444 1451 moveri,
467 1374 493 1432 si
514 1368 635 1456 singula
655 1393 838 1455 persequer,
860 1368 1092 1453 volo'reeeptui
1114 1391 1234 1452 oanere,

315 1465 432 1520 ettam
453 1454 663 1518 lovanienses
678 1455 1046 1536 'qnam-se-Gsloniensss
1069 1455 1234 1536 theologos
1273 1501 1277 1508 .

315 1542 380 1620 tibi,
402 1541 518 1620 optime
540 1540 776 1620 christophore,
809 1541 894 1601 nullo
923 1540 985 1600 alio
1007 1541 1132 1600 nomine
1154 1558 1236 1600 eorn-

316 1623 473 1702 mendare‚
495 1642 586 1702 quarn
608 1627 688 1701 isto,¹
710 1623 796 1703 quod
815 1621 911 1684 multa
932 1622 1048 1684 audent
1069 1629 1101 1682 et
1122 1621 1236 1700 dieunt,

317 1727 397 1788 quae
418 1725 478 1768 neo
498 1704 630 1788 probare
656 1726 716 1767 nee
735 1707 895 1789 confutare
922 1724 1056 1785 unquam
1078 1712 1234 1786 poterant.

317 1789 409 1866 Quod
430 1809 528 1871 genus
549 1791 706 1850 bominum
719 1789 811 1869 quale
822 1789 870 1868 sit,
891 1797 924 1850 tn
941 1789 1032 1850 faoile
1052 1790 1144 1865 nosti,
1167 1807 1236 1850 oum

316 1873 418 1935 nullus
445 1872 548 1934 fornix
569 1879 622 1934 aut
643 1873 771 1934 taberna
791 1875 985 1952 quantumvis
1014 1870 1097 1934 ebria
1124 1875 1179 1951 sit,
1204 1873 1235 1934 in
1256 1885 1258 1894 ’

318 1978 378 2038 qua
399 1975 463 2019 non
485 1975 580 2036 queas
610 1957 688 2017 tales
717 1957 855 2018 invenire
877 1974 1022 2019 oensores
1054 1963 1086 2017 et
1105 1955 1239 2018 iudices:

317 2042 376 2102 nisi
405 2038 489 2120 quod
516 2039 578 2101 hoo
604 2059 699 2120 opere
721 2041 803 2104 Deus
826 2047 933 2101 notam
956 2039 1045 2102 nobis
1067 2039 1142 2100 insit
1161 2041 1237 2100 iram

319 2144 421 2201 suam,
444 2141 505 2203 qna
526 2142 638 2204 pueros
664 2124 740 2203 istos
762 2131 795 2185 et
816 2123 1030 2204 effoeminatos
1053 2123 1145 2204 nobie
1166 2142 1238 2186 oon·

317 2207 415 2270 stituit
434 2206 606 2287 Prinoipes,
627 2207 707 2269 siout
725 2204 799 2287 lisa.
821 2211 850 2274 3.
872 2205 962 2288 dioitl,
985 2208 1029 2268 aie
1050 2207 1239 2273 merentibus

319 2291 600 2435 perpatrpbplostds,
623 2298 653 2375 et
666 2289 895 2372 ‘ingratitudine
913 2289 1036 2353 tandem
1058 2293 1148 2366 etiam
1172 2287 1238 2352 Deo

320 2378 417 2440 intoe
473 2374 516 2437 i·.
572 2434 574 2439 ,
730 2405 734 2411 ·
1048 2432 1052 2440 2
1136 2436 1138 2444 ¹

342 2526 345 2533 ,
401 2456 473 2519 Non
494 2464 562 2531 erat
572 2475 710 2541 neeesse,
733 2452 915 2538 ntdioerent
935 2455 1024 2539 nodis
1038 2457 1149 2535 verbis,
1171 2453 1243 2529 nisa

323 2538 381 2603 sibi
404 2539 568 2621 displicere
589 2547 621 2600 et
649 2560 779 2623 erronea
802 2539 914 2624 videri,
942 2539 1085 2624 seiebam¹
1101 2539 1136 2612 ,id
1162 2533 1243 2621 fore,

323 2632 354 2687 et
374 2625 408 2686 in
442 2624 504 2686 boo
523 2625 623 2707 ipsum
645 2641 848 2704 possessum
872 2624 931 2704 edi.
964 2621 1039 2705 ,Nee
1065 2623 1127 2702 lios
1147 2620 1241 2706 ques«

322 2710 392 2788 sivi,
414 2714 447 2768 ut
468 2727 518 2773 me
541 2706 580 2767 ad
602 2725 675 2768 suos
695 2706 1145 2788 autorssremittersnt,quasi
1167 2700 1242 2781 mihi¹
1278 2704 1282 2722 '‘

324 2792 514 2872 ineognitos,
538 2790 592 2851 sed
615 2798 649 2851 ut
670 2790 847 2871 Soriptnrae
866 2793 1030 2861 autoritate
1050 2800 1103 2876 apt
1121 2789 1244 2874 ratione

327 2873 479 2958 probabili
501 2894 557 2936 sus
577 2893 662 2953 vera,
681 2881 715 2955 et
734 2894 806 2938 mea
824 2875 904 2937 false
925 2877 1245 2960 esseleonvinoerent,

327 2957 416 3032 Quae
437 2965 485 3020 est
506 2959 589 3020 enim
608 2958 669 3018 ists
685 2959 795 3038 (etiam
817 2977 873 3019 suo
889 2957 1056 3030 Aristotele
1070 2957 1242 3042 prohibite]

323 3043 430 3122 petitio
446 3036 599 3122 prineipii,
620 3039 887 3124 mihireeponderi
897 3035 952 3122 p'er
964 3033 1043 3118 haee¹
1062 3037 1243 3122 ipsa-quae,

322 3125 491 3206 impugno?
512 3125 581 3201 Non
605 3123 925 3208 esttqnnestimquid
946 3123 1117 3203 didicerint,
1139 3123 1242 3208 audie-l

320 3211 390 3288 rint,
412 3209 560 3294 legerint,
583 3210 734 3287 senserint
754 3228 906 3291 unquam,
934 3207 989 3268 sed
1011 3199 1119 3289 quibas
1142 3206 1244 3287 firma,

322 3294 433 3355 mentis
456 3313 495 3354 ea
516 3292 667 3355 muniant:
696 3293 813 3372 alioqui
833 3311 886 3353 our
907 3299 1049 3366 et-meas
1066 3298 1173 3369 aeetae
1194 3311 1245 3352 ree

321 3380 474 3456 sisterem,
493 3377 621 3455 scilieet.
634 3375 808 3459 Ooeanieae
826 3396 882 3437 seu
903 3374 1132 3456 Modernorum,
1152 3394 1243 3455 quam

322 3463 444 3544 penitas
472 3461 646 3538 ¹imbibitam
668 3467 777 3537 teneo,
807 3461 833 3520 si
855 3457 954 3521 verbis
985 3460 1151 3526 voluissem
1191 3465 1244 3534 aut
1275 3525 1276 3530 γ

322 3545 549 3626 vilaompesoil
571 3543 633 3624 Sed
653 3545 727 3623 satis
748 3545 835 3621 base.
867 3543 914 3606 Tu
933 3543 1054 3605 interim
1077 3543 1167 3620 vale,
1197 3543 1243 3608 vir

323 3631 441 3710 optime
460 3630 493 3688 in
514 3625 658 3693 cbristo..
696 3684 698 3691 .
727 3679 731 3686 .
821 3680 824 3693 .
927 3695 929 3704 ,
1231 3697 1234 3705 ,

432 3711 674 3793 Vittembergae,
692 3729 776 3772 anno
798 3709 921 3774 Domini
942 3711 983 3774 M.
1005 3709 1129 3786 D.,‚xx.
1242 3782 1244 3790 Α

677 3930 885 3956 unq—*uenturo
893 3943 895 3950 ‚
