3159 4792
1142 320 1205 324 -
1216 320 1226 323 -
1235 318 1414 335 ,,.-.-...,,

590 509 699 565 additio
717 511 748 564 h.
768 510 847 565 Hert.
866 511 1001 565 liuthari*
1200 510 1240 575 1l')

317 696 539 777 congrediariu
582 697 726 759 Sciebam
753 697 900 759 invidiam
922 704 1015 776 tuam,
1038 718 1099 779 qua
1119 700 1241 780 Lipsiae

317 786 401 841 totus
423 780 563 858 ardebas,
584 783 834 861 impotentiorem
853 801 931 860 esse,
952 802 1044 862 quam
1065 790 1099 842 ιιι
1112 803 1145 843 se
1158 785 1240 845 cohi-

317 864 456 939 bereque
472 870 608 943 pareret,
630 884 709 943 quae
720 866 930 945 concepisset:
958 886 1078 927 rursum
1097 868 1240 947 ignoran-

317 948 427 1007 uorem
451 956 483 1007 et
503 949 706 1027 ignaviorem,
727 968 818 1027 quam
842 955 875 1007 ιιι
888 948 1054 1009 liberaliter
1066 957 1097 1011 et
1117 952 1148 1009 in
1170 950 1239 1009 luce

319 1029 391 1108 quid
411 1028 547 1091 auderet.
1214 1087 1224 1098 ,

401 1111 492 1185 Quod
529 1114 589 1173 nisi
618 1133 667 1173 me
701 1116 791 1175 timor
820 1112 930 1173 Christi
965 1115 1139 1193 cohiberet,
1176 1134 1237 1195 quo

319 1196 466 1275 magistro
484 1214 548 1256 non
560 1204 678 1257 tantum
691 1196 797 1258 dolere
809 1196 919 1273 debeo,
942 1197 1025 1276 quod
1038 1199 1109 1258 mihi
1125 1217 1239 1259 nocere

318 1278 458 1356 voluisti,
480 1287 511 1339 et
532 1299 596 1339 uon
617 1281 760 1359 potuisti,
782 1286 928 1358 quantum
952 1282 1034 1359 quod
1058 1282 1111 1341 tihi
1134 1283 1239 1342 nocui·

318 1363 370 1439 sti,
393 1361 477 1439 quod
498 1364 632 1423 maxime
653 1362 794 1441 noluisti,
817 1381 941 1444 possem
963 1364 1017 1424 tibi
1039 1364 1161 1425 abunde
1184 1385 1240 1445 par

317 1444 439 1522 referre,
460 1446 692 1526 etAegoceroti
714 1454 767 1505 tuo
789 1444 935 1505 idoneum
952 1453 1129 1507 venatorem
1153 1467 1239 1529 prae·

317 1528 408 1587 stare.
451 1528 493 1588 At
513 1529 637 1608 quando
658 1528 828 1589 Tiburtium
849 1536 881 1587 tu
903 1532 1041 1607 quaeris,
1070 1531 1236 1591 curandum

317 1610 390 1670 mihi
413 1618 476 1688 est,
505 1619 539 1671 ιιι
559 1611 713 1672 Tiburtius
734 1612 923 1690 Torquatum
947 1632 1070 1691 quoque
1091 1616 1237 1692 inveniat,

316 1695 343 1753 si
372 1694 531 1773 quomodo
554 1694 764 1775 deprehensus
785 1695 816 1753 in
841 1694 984 1773 operibus
1008 1714 1152 1755 manuum
1174 1702 1237 1757 tua-

316 1796 381 1837 rum
411 1776 519 1838 dolere
545 1780 646 1857 possis
678 1796 771 1858 super
805 1777 991 1837 contritione
1023 1774 1145 1839 animae
1166 1786 1238 1839 tuae

317 1862 520 1937 miserrimae,
550 1880 641 1940 quam
663 1861 704 1922 cb
733 1860 793 1921 mei
812 1859 919 1921 odium
942 1867 1004 1921 tam
1028 1862 1147 1940 perdite
1167 1862 1237 1922 Dia·

310 1943 389 2005 ›bolo
413 1946 611 2022 consecrasti,
635 1946 693 2005 etsi
711 1943 858 2005 sacerdos
881 1943 997 2004 domini
1012 1949 1063 2019 (ut
1076 1947 1235 2025 gloriaris)

316 2026 465 2105 testisque
481 2028 631 2092 veritatis.
820 2091 825 2120 Ι
958 2088 961 2105 ,
1178 2091 1179 2100 ,

398 2110 474 2192 Legi
493 2112 599 2190 itaque
620 2111 817 2191 Aegocerota
840 2128 893 2170 seu
916 2111 1031 2171 hircum
1058 2117 1158 2186 ιιιιιιιι,
1183 2132 1236 2172 seu

317 2194 529 2255 hircocervum
554 2193 632 2277 (nec
653 2195 735 2253 enim
756 2193 866 2275 refert,
890 2212 952 2273 quo
976 2192 1128 2255 vocabulo
1153 2214 1236 2255 mon·

317 2285 412 2337 strum
433 2277 573 2359 appelles
594 2277 873 2355 infelicissimum),
904 2276 943 2337 de
970 2295 1031 2356 quo
1055 2279 1236 2357 poeticaris:

317 2360 431 2422 Noster
460 2360 717 2442 hictAegoceron
750 2362 817 2421 sine
851 2360 944 2420 foeno
966 2368 1077 2439 peccat
1106 2363 1137 2421 iu
1166 2380 1238 2437 uuo,

318 2443 400 2521 quod
428 2462 491 2504 nou
523 2450 570 2504 est
591 2444 692 2504 Lucae
721 2443 803 2503 linea
832 2442 925 2503 ducta
946 2461 1048 2506 manu.
1092 2444 1163 2504 Noli
1186 2444 1238 2504 dc-

318 2544 456 2605 sperare,
485 2528 526 2586 mi
548 2526 671 2604 hlmser,
704 2534 752 2587 est
773 2526 894 2587 veniale
915 2534 1092 2607 peccatum,
1128 2546 1186 2587 nec
1207 2530 1238 2586 iu

317 2609 455 2688 divinas,
478 2612 537 2669 nisi
558 2611 636 2670 forte
657 2610 688 2668 in
711 2610 928 2690 grammaticas
951 2615 983 2670 et
1003 2609 1173 2671 rhetoricas
1197 2612 1238 2669 le·

317 2711 372 2772 ges
394 2699 559 2771 patratum,
595 2692 678 2771 quod
712 2710 781 2753 cum
814 2694 855 2753 sit
874 2694 976 2773 poetis
1007 2694 1237 2773 pictoribusque

318 2775 479 2854 quodlibet
505 2776 639 2852 audendi
673 2795 799 2856 semper
826 2795 927 2855 aequa
949 2782 1103 2856 potestas,
1146 2778 1237 2837 facile

317 2858 371 2920 tibi
395 2866 426 2919 et
445 2858 508 2919 hoc
528 2862 708 2941 ignoscent,
736 2860 802 2929 ¹nisi
823 2860 854 2919 id
876 2861 955 2920 forte
977 2878 1033 2920 eos
1055 2861 1149 2921 nimio
1173 2879 1236 2920 mo·

318 2949 406 3020 veat,
438 2944 522 3022 quod
549 2945 685 3005 humano
707 2944 801 3023 capiti
823 2944 975 3003 cervicem
997 2944 1131 3003 iunxeris
1155 2944 1238 3022 equi·

317 3045 404 3102 nam,
432 3034 465 3086 et
485 3027 635 3106 amphora
655 3027 795 3087 instituta
817 3044 940 3086 urceum
963 3025 1112 3085 eduxeris.
1157 3026 1237 3100 Qan-

317 3108 483 3187 doquidem
506 3111 648 3188 etmihi,
681 3128 783 3188 neque
804 3108 1020 3188 grammatico,
1049 3126 1150 3186 neque
1170 3109 1237 3168 rhe-

317 3194 392 3270 tori,
419 3212 521 3272 neque
542 3194 668 3273 pictori,
702 3193 763 3252 hoc
783 3192 992 3272 potissimum,
1027 3189 1119 3251 nullis
1141 3191 1238 3252 indul·

317 3276 447 3355 gentiis,
468 3296 508 3337 ne
529 3276 678 3339 Romanis
700 3275 823 3355 quidem
845 3294 882 3335 ac
903 3276 1047 3353 summis,
1081 3275 1238 3336 condona-

317 3358 379 3419 bile
400 3360 498 3419 visum
520 3367 582 3438 eat,
615 3358 698 3438 quod
720 3359 844 3419 foenum
867 3358 912 3418 illi
933 3359 1036 3438 potius
1058 3358 1237 3438 detraxeris,

317 3460 408 3520 quam
431 3462 561 3522 cornua,
596 3451 628 3503 et
658 3444 747 3502 simul
782 3442 863 3502 hanc
884 3442 1042 3505 Hecubam
1069 3450 1152 3503 tuam
1174 3450 1237 3503 tam

315 3526 478 3587 infeliciter
498 3526 708 3587 dissimulatis.
744 3525 937 3605 Quamquam
959 3526 1039 3586 euim
1057 3527 1236 3607 Aegoceros

317 3609 448 3670 Martino
469 3609 552 3670 idem
574 3612 614 3671 ιιι
633 3611 774 3671 foenatus
802 3615 853 3687 (ut
873 3611 918 3669 sic
939 3610 1057 3687 dicam)
1076 3618 1107 3671 et
1129 3628 1237 3670 cornu-

317 3698 380 3770 tus,
418 3692 571 3756 laudatori
603 3701 706 3756 tamen
746 3695 867 3755 sincero
901 3693 1106 3755 conveniebat
1138 3694 1236 3773 magis

314 3776 471 3837 loenatum
495 3780 562 3839 sine
584 3778 737 3858 cornibus,
760 3798 852 3857 quam
876 3784 1035 3841 cornutum
1053 3780 1120 3838 siue
1141 3777 1236 3837 foeno

315 3860 426 3920 moliri.

401 3943 456 4004 (lui
480 3952 511 4005 et
528 3946 589 4005 hoc
609 3946 681 4007 mali
703 3946 833 4025 accedit,
856 3964 917 4024 quo
939 3947 978 4005 ιιι
994 3947 1088 4007 animi
1105 3947 1148 4007 tui
1169 3967 1235 4027 per·

314 4028 428 4088 fectum
450 4030 657 4109 simulacrum,
679 4049 813 4109 vereque
834 4030 995 4090 Emserum
1016 4036 1235 4113 repraesentet.
