3159 4792
547 498 583 553 de
600 498 724 571 digamia
740 502 946 573 cpiscoporum.
1149 500 1211 571 365

306 687 360 751 20.
383 685 435 748 Sic
453 694 485 749 et
517 686 667 751 diaconos
698 689 847 769 praecipit
877 690 1099 752 uniusuxoria
1126 692 1210 753 viros

287 788 369 846 esse,
388 769 452 831 hoc
475 777 535 848 est,
556 772 725 853 quemlibet
745 791 814 832 cum
836 792 891 833 sua
905 793 967 835 una
980 792 1077 835 uxore
1093 781 1211 837 castum
1255 840 1259 847 ,

287 872 403 914 vrvere.
632 900 637 907 .

308 937 360 1001 21.
382 936 508 1016 Alioqui
542 945 657 1017 quanta
687 938 726 997 sit
761 937 935 999 absurditas
982 939 1065 1020 quod
1098 940 1212 1001 multos

287 1016 439 1079 diaconos
463 1020 553 1079 unius
574 1020 690 1096 uxoris,
711 1021 794 1081 velut
815 1023 986 1083 communis
1001 1024 1105 1101 scorti,
1128 1024 1210 1085 viros

286 1121 358 1162 esse
381 1101 534 1163 rideretur
552 1110 695 1164 statuere.

309 1186 360 1249 22.
383 1184 492 1264 Neque
523 1185 636 1247 Paulus
669 1183 752 1247 aliud
788 1186 854 1247 istis
892 1187 1012 1249 duobus
1052 1188 1211 1251 vocabulis

288 1269 398 1347 (unius
421 1268 543 1349 uxoris)
567 1269 726 1349 intelligit,
754 1288 845 1349 quam
868 1270 951 1350 quod
979 1272 1073 1333 latine
1096 1270 1211 1353 simpli-

285 1350 363 1412 citer
384 1348 519 1413 Uxorem
542 1350 680 1416 dicimus.

299 1435 358 1499 23.
381 1432 501 1495 Graece
531 1436 610 1496 enim
631 1433 712 1517 γυνή
741 1454 804 1495 non
835 1434 945 1496 dicitur
975 1437 1099 1517 proprie
1121 1458 1210 1515 uxor,

286 1514 455 1577 sedetiam
484 1518 593 1579 mulier
614 1519 646 1578 in
677 1536 810 1598 genere,
846 1518 1106 1599 quemadmodum
1128 1518 1209 1585 urit

286 1601 472 1679 germanice.

306 1681 358 1747 24.
383 1682 438 1743 Ubi
461 1685 487 1744 si
516 1682 658 1760 dixisset,
686 1690 809 1764 oportet
842 1682 977 1745 mulieris
1005 1704 1074 1745 esse
1103 1686 1211 1762 virum,

287 1784 351 1826 non
373 1768 523 1846 potuisset
545 1765 584 1826 ds
607 1786 704 1827 uxore
725 1766 874 1848 intelligi,
907 1773 938 1828 et
959 1766 1136 1829 adversario
1159 1768 1209 1830 de-

286 1846 384 1909 disset
405 1847 569 1909 cavillandi
592 1850 800 1912 occasionem.

306 1935 357 1997 25.
381 1931 471 2013 ldeo,
506 1940 539 1993 ut
566 1951 694 1994 uxorem
724 1932 850 2013 propris
880 1930 1084 2013 signiticaret,
1121 1935 1209 1995 unius

286 2014 421 2158 :puberis
450 2015 563 2094 virum,
597 2034 678 2097 pane
711 2015 881 2096 periphrasi
914 2015 1062 2095 quadam,
1095 2018 1211 2098 placuit

307 2117 398 2161 rcere.

306 2183 355 2245 26.
378 2181 456 2242 Nam
487 2189 520 2241 et
546 2200 618 2241 usus
643 2180 819 2261 Scripturas
850 2180 958 2259 habet,
989 2180 1146 2242 adulteros
1180 2192 1211 2243 et

285 2268 473 2325 scortatores
496 2262 556 2323 dici
576 2262 735 2324 mulierum
760 2264 858 2342 viros,
887 2264 994 2328 lohan.
1016 2266 1055 2327 4:
1098 2263 1207 2343 Quam,
1295 2260 1297 2267 '

286 2349 394 2427 inquit,
416 2348 476 2407 iam
498 2346 604 2426 habes,
625 2365 688 2407 non
710 2352 757 2407 est
778 2354 848 2407 tuus
870 2346 924 2409 vir.

306 2432 355 2494 27.
380 2430 430 2491 Sic
452 2431 568 2491 unitate
593 2432 699 2492 uxoris
726 2428 817 2490 simul
840 2428 1043 2491 Christianam
1070 2428 1205 2491 nubendi

286 2512 460 2575 libertatem
481 2514 636 2595 episcopis
656 2512 829 2591 confirmat,
850 2514 949 2593 magis
971 2519 1074 2574 tamen
1094 2532 1205 2595 vagam
1226 2532 1229 2539 ¹

285 2596 419 2677 libidinis
440 2597 594 2657 licentiam
617 2615 655 2657 eo
678 2596 774 2657 verbo
796 2596 948 2676 prohibet.
1062 2668 1065 2674 Ι

304 2679 354 2743 28.
377 2678 485 2741 Studio
518 2680 600 2740 enim
642 2680 823 2759 praevenire
855 2679 953 2740 voluit
986 2678 1205 2743 daemoniacas
1249 2682 1253 2695 “

285 2761 440 2907 dobctrims
477 2781 600 2841 sorum,
633 2764 689 2843 qui⁴
707 2769 794 2823 erant
814 2763 937 2843 nuptias
959 2765 1114 2843 episcopis
1138 2784 1206 2843 pro-

284 2846 315 2907 ti
338 2846 417 2907 ituri.

305 2931 356 2993 29.
377 2928 452 2990 ldeo
477 2928 573 2989 visum
596 2934 645 2989 est
665 2926 808 3008 Spiritui,
831 2926 875 2987 sic
898 2926 1018 2988 dicere:
1041 2926 1095 2985 Vir
1118 2926 1206 2986 unius

284 3013 390 3073 uxoris
411 3013 459 3088 ait,
481 3013 583 3091 potius
605 3030 695 3091 quam
718 3012 780 3071 sic:
802 3010 850 3071 Ne
871 3010 911 3069 sit
933 3008 1067 3085 adulter,
1090 3013 1204 3068 scorta-

284 3102 333 3155 tor
354 3103 407 3155 aut
427 3094 611 3155 immundus.

305 3179 354 3243 30.
378 3176 444 3238 Nec
466 3176 612 3239 defuisset
633 3176 739 3255 Paulo,
760 3176 877 3256 alioqui
895 3172 1130 3255 componendae
1153 3194 1205 3235 vo-

283 3262 328 3321 cis
357 3259 513 3338 studioso,
552 3260 643 3321 etiam
672 3260 734 3320 hoc
760 3259 831 3321 loco
855 3278 917 3320 vox
947 3258 1139 3339 monogami,
1179 3257 1204 3317 si

283 3343 426 3428 digamos
446 3342 596 3406 voluisset
617 3343 771 3403 damnare.

305 3427 356 3491 31.
378 3426 505 3488 Scilicet
525 3425 741 3507 philagathos,
775 3424 967 3506 philoxenon
997 3430 1028 3486 et
1055 3422 1085 3484 id
1107 3442 1204 3503 genus

283 3510 381 3570 multa
400 3517 542 3590 usurpat,
574 3528 793 3589 monogamum
817 3515 919 3569 tamen
941 3510 1031 3586 vitat,
1064 3507 1204 3567 etunius

282 3594 388 3653 uxoris
411 3594 507 3653 virum
531 3593 647 3653 mavult
667 3592 779 3655 dicere.

301 3678 353 3741 32.
376 3675 416 3736 Ut
437 3695 502 3738 non
524 3675 563 3735 de
579 3676 791 3755 singularitate
807 3673 943 3753 coniugii
955 3680 1007 3733 aut
1020 3673 1204 3751 nuptiarum,
1235 3732 1245 3744 ‚

281 3758 337 3820 sed
368 3756 407 3820 de
438 3758 648 3840 singularitate
689 3758 823 3817 mulieris
854 3776 909 3816 seu
942 3756 1046 3816 uxoris
1079 3762 1205 3835 cogeret

281 3862 352 3903 sese
374 3841 512 3920 intelligi.
913 3872 926 3915 p

302 3926 351 3990 33.
377 3924 569 3985 Vocabulum
591 3924 672 3984 enim
686 3922 812 4004 (unius)
840 3941 904 3983 non
927 3926 990 3980 tarn
1012 3918 1204 3997 affirmative,

280 4027 372 4089 quam
396 4009 541 4089 negative
563 4005 739 4068 necessario
762 4006 920 4086 accipitur.
