3159 4792
585 507 745 565 motus-D.
763 508 842 563 lart.
862 509 982 567 bothert.
1187 502 1229 573 25

304 691 423 755 babent
457 712 596 774 pennas,
628 693 876 758 annunciabunt
897 693 1091 755 sententiam.
1144 692 1231 754 liaeo

304 783 360 837 tuo
384 778 533 857 exemplo
554 797 713 861 cognosce
726 797 798 840 essa
813 798 896 840 vera.
927 777 1108 855 Quis-enim,
1130 788 1230 856 putas,

308 859 381 919 mihi
404 870 461 921 cor
487 869 569 922 tuum
591 862 742 924 revelavit
763 871 795 923 et
818 861 1017 923 revelandum
1041 860 1141 938 dedit,
1173 862 1231 920 nisi

306 943 378 1020 ille,
406 944 458 1022 qui
489 942 573 1005 dedit
605 946 696 1007 nobis
722 946 802 1005 scire
834 948 925 1005 etiem
950 945 1155 1025 cogitationes
1179 942 1231 1004 Sa·

309 1034 410 1102 tanae,
434 1026 651 1089 dimotionem
673 1030 847 1109 spirituum,
877 1030 939 1089 imo
963 1046 1086 1088 sensum
1109 1027 1232 1105 Christi,

309 1116 340 1169 et
361 1109 515 1189 profunda
536 1112 615 1172 Dei?
1321 1174 1325 1182 ,

392 1192 484 1270 Quid,
506 1194 589 1272 quod
611 1204 643 1255 ιιι
664 1196 732 1275 ipse
753 1196 918 1255 autoritate
942 1193 1054 1268 Bedae,
1077 1212 1145 1252 oum
1169 1211 1231 1254 non

309 1296 407 1356 neges
427 1276 598 1338 Iohannem
610 1278 691 1339 Huss
711 1277 791 1338 salsa
815 1279 973 1338 miscuisse
996 1275 1098 1337 veris?
1120 1276 1233 1336 Nonne

189 1436 192 1441 Ι
309 1359 359 1419 vel
381 1359 522 1437 Bedsm,·
549 1361 600 1423 vel
635 1368 666 1421 te
697 1363 799 1441 ipsum
829 1361 1034 1421 Bohemorum
1069 1366 1231 1439 patronum

310 1443 470 1503 ostentas?
501 1444 552 1522 qui
584 1450 675 1505 tonas
713 1464 777 1504 non
814 1444 913 1505 solum
937 1452 1046 1505 contra
1068 1443 1233 1503 concilium

309 1526 550 1587 constantiense
580 1525 661 1609 (quo
694 1530 787 1588 unico
826 1529 919 1588 miser
950 1536 1020 1587 tuus
1051 1525 1234 1587 fulciebatur

309 1609 492 1669 fortissimus
515 1609 712 1692 theologus),
744 1611 799 1672 sed
834 1617 942 1671 contra
977 1612 1080 1690 ipsum
1110 1627 1234 1688 quoque

309 1692 525 1771 fortissimum,
551 1692 653 1775 (quod
674 1692 870 1755 intolerabile
894 1698 980 1767 esti,
1013 1691 1159 1752 articulos
1181 1691 1233 1751 ali-

309 1794 388 1854 quos
410 1794 512 1852 veros,
531 1777 616 1837 'male
637 1777 810 1854 damnatos,
833 1795 894 1855 quo
917 1781 1020 1837 totam
1037 1776 1097 1834 vim
1121 1780 1152 1833 et
1173 1774 1234 1834 vic·

310 1859 420 1919 torism
443 1858 528 1919 Eccii
551 1877 691 1938 enervas,
713 1878 896 1939 mecumque
918 1878 973 1939 per
999 1859 1103 1918 omnia
1129 1858 1233 1920 sentis.

392 1941 527 2002 Proinde
549 1951 589 2020 tu,
614 1944 640 2003 si
653 1944 747 2024 sapis,
769 1943 869 2003 scribe
888 1942 1062 2013 catholicoe
1082 1940 1235 2003 ecclesiae

310 2025 519 2085 Bohemorum
541 2024 791 2102 administratori,
814 2033 848 2087 ut
869 2026 907 2086 ad
922 2026 1070 2106 gremium
1083 2024 1234 2084 ecclesiae

310 2114 438 2168 revocet
459 2114 616 2186 errantes,
639 2110 722 2188 quod
743 2118 777 2171 ut
798 2112 861 2185 sui,
884 2110 938 2189 tui,
961 2110 1159 2187 omniumque
1180 2124 1234 2168 no·

309 2199 405 2251 strum
428 2190 523 2251 iaciat
541 2191 683 2253 ludibrio.
726 2194 774 2254 Da
807 2193 970 2254 haereticis
1005 2192 1103 2267 (sicut
1137 2187 1233 2272 facis)

309 2275 380 2350 hoc,
404 2274 576 2335 Iohannem
597 2275 679 2335 Huss
701 2296 775 2337 vera
796 2276 882 2336 falsis
906 2276 1074 2352 miscuisse,
1095 2274 1155 2333 hoe
1177 2280 1234 2350 est,

310 2358 476 2419 concilium
520 2358 759 2420 Constantiense
802 2358 947 2420 articulos
1001 2359 1066 2417 eius
1117 2356 1236 2434 aliquot

308 2442 404 2521 impie
427 2441 602 2519 damnosae,
624 2442 716 2522 idque
737 2442 842 2504 Bedae
864 2444 1036 2503 autoritate.
1080 2439 1131 2501 Sic
1153 2439 1234 2499 enim

309 2526 395 2584 corvi
417 2526 461 2584 tui
483 2544 575 2586 ovum
597 2526 767 2607 legitimum
795 2527 869 2603 eris,
893 2527 943 2604 qui
966 2524 1100 2603 etipse,
1129 2528 1164 2583 ut
1184 2540 1234 2583 me

308 2606 482 2667 Bohemnm
522 2607 710 2669 haereticum
750 2615 913 2687 statueret,
952 2607 1052 2687 primo
1083 2605 1233 2665 Nicenum

310 2690 478 2750 concilium
500 2694 696 2773 contempsit,
718 2685 833 2773 magna
855 2692 1036 2767 autoritate,
1059 2688 1181 2749 habitus
1202 2688 1234 2747 in

308 2772 371 2833 hoc
404 2774 493 2833 vobis
533 2773 804 2851 catholicissimus,
837 2774 950 2834 deinde
985 2772 1234 2849 Constantieusc,

308 2856 457 2935 Magister
477 2854 607 2935 Spiritus
629 2860 727 2919 sanati
748 2858 864 2935 luctus,
893 2857 995 2917 denuo
1020 2862 1051 2916 et
1072 2855 1162 2915 aliter
1183 2853 1234 2914 de-

308 2938 447 2999 clararit.
492 2938 544 2999 Sic
572 2940 679 3001 soletis
712 2959 769 3002 uos
798 2941 958 3001 confutare
972 2938 1168 3015 haereticos,
1201 2944 1235 2996 ut

308 3022 433 3101 peiores
455 3021 603 3082 haeretici
624 3020 704 3083 fiatis
727 3030 759 3084 et
780 3042 839 3084 nos
863 3040 971 3082 omnes
994 3040 1099 3081 eorum
1122 3019 1233 3079 tabulis

307 3104 448 3181 tradatis,
471 3103 544 3164 dum
566 3113 599 3166 ut
620 3106 730 3167 coletis
752 3106 899 3184 culicem,
932 3103 1083 3165 camelum
1107 3102 1235 3183 glutitis,

308 3187 390 3247 adeo
415 3189 497 3247 cauti
519 3190 611 3271 estis,
633 3190 713 3251 adeo
736 3190 829 3251 refert
850 3196 962 3265 vestro,
985 3186 1081 3247 multa
1110 3202 1234 3265 mugna-

308 3288 369 3348 que
390 3290 508 3349 negare
537 3279 569 3332 et
603 3272 751 3334 damnare
773 3273 1013 3347 catholicorum,
1050 3288 1089 3331 ne
1111 3268 1235 3331 modica

308 3353 442 3433 probare
465 3354 629 3416 videamini
651 3355 893 3432 haereticorum,
922 3362 955 3415 ιιι
976 3352 1142 3435 probantes
1164 3369 1234 3431 pos·

308 3437 376 3496 sitis
397 3437 515 3499 iactare
536 3438 720 3517 haereticos,
742 3448 835 3519 atque
856 3438 886 3499 id
901 3438 1055 3498 nullorum
1074 3435 1248 3496 hominum·

308 3519 400 3600 odio,
431 3520 487 3580 sed
509 3522 577 3582 zelo
598 3523 750 3601 veritatis,
783 3542 839 3603 pro
862 3522 962 3602 gloria
983 3520 1040 3581 Dei
1064 3518 1234 3579 ethonore

309 3609 439 3663 mucias
460 3604 621 3666 Romanae
643 3605 803 3670 ecclesiae.

394 3686 455 3747 Sed
478 3694 511 3747 et
531 3706 589 3748 ros
615 3690 781 3768 scriptores
803 3686 877 3748 mihi
899 3686 1044 3747 videmini
1066 3702 1136 3743 esse
1157 3700 1234 3743 non·

309 3768 386 3828 nihil
408 3776 535 3832 autores
557 3771 744 3832 Bohemiaae
765 3770 972 3851 pertinaciae,
1007 3768 1058 3847 qui
1092 3774 1154 3825 tam
1184 3766 1233 3825 fri·
1326 3766 1327 3773 ’

309 3850 383 3930 gida
402 3862 436 3913 et
454 3854 664 3915 inconstantia
676 3853 832 3933 scribitis,
859 3852 968 3933 frigide
990 3851 1071 3911 enim
1095 3856 1126 3909 et
1145 3850 1233 3929 pigre

310 3934 483 4015 confutare,
516 3936 590 4017 quid
623 3937 706 3998 aliud
745 3944 806 4015 est,
840 3955 930 4017 quam
958 3935 1005 3996 bis
1029 3930 1232 3993 confirmare?

311 4016 515 4104 Adramsriis,
527 4021 623 4081 'iuxta
642 4020 791 4101 Paulum,
813 4037 848 4081 os
871 4018 999 4099 opplere
1020 4021 1053 4078 at
1073 4014 1231 4079 obstruere
1346 4056 1349 4067 .
