3159 4792
394 520 457 590 1OE
666 523 823 594 Responsio
842 523 871 577 l).
891 523 924 578 hl.
942 521 1053 578 hathcri

395 709 539 773 socordia
559 714 697 772 versatus
718 708 758 770 sit
778 709 846 789 plus
869 707 1032 772 duodecim
1053 707 1152 788 annis,
1173 708 1317 789 interque

394 794 646 876 synpalaestn'tas
671 800 790 853 vestros
812 792 948 871 detritus,
970 811 1033 854 non
1056 791 1130 853 mihi
1151 791 1317 872 persuade·

394 878 481 958 bitis,
516 876 743 957 philosophiam
766 895 834 938 essa
856 876 1063 958 garrulitatem
1084 875 1168 936 illam
1192 874 1231 936 de
1254 895 1317 936 ma-

395 962 487 1041 teria,
518 967 602 1022 motu
626 958 762 1037 infinito,
789 960 880 1038 loco,
910 978 1027 1038 vacuo,
1056 967 1213 1040 tempore,
1236 978 1318 1038 quae

395 1045 460 1106 fere
492 1046 522 1104 in
545 1043 712 1104 Aristotele
742 1043 812 1104 sola
842 1042 1004 1123 discimus,
1037 1043 1112 1104 talia
1143 1060 1224 1123 quae
1258 1061 1319 1102 nec

394 1125 594 1206 intellectum,
616 1145 675 1187 nec
696 1125 854 1205 affectum,
877 1145 936 1188 nec
957 1145 1136 1188 communes
1157 1125 1320 1187 hominnm

396 1229 499 1272 mores
534 1209 698 1290 quidquam
739 1211 862 1287 iuvent,
900 1217 1017 1271 tantum
1063 1209 1318 1271 contentionibus

396 1292 533 1354 serendis
569 1293 790 1374 servandisque
823 1293 946 1355 idonea.
999 1291 1090 1368 Quod
1120 1293 1146 1353 si
1183 1293 1320 1354 maxima

285 1450 289 1455 .
397 1376 469 1457 quid
489 1377 642 1456 valerent,
671 1383 718 1438 tot
738 1385 841 1437 tamen
866 1377 1064 1456 opinionibus
1086 1375 1215 1438 confusa
1238 1383 1320 1455 sunt,

396 1467 431 1522 ut
448 1479 510 1541 quo
532 1462 599 1540 quis
620 1460 733 1520 certius
754 1459 881 1540 aliquod
902 1461 990 1539 sequi
1011 1460 1222 1540 proposuerit,
1256 1459 1320 1520 hoc

395 1546 541 1605 incertior
559 1544 682 1622 feratur,
704 1552 734 1604 et
757 1544 840 1604 faces
852 1541 1007 1604 Euboicas
1030 1549 1173 1621 sectetur,
1195 1552 1227 1604 et
1248 1561 1319 1604 sero

397 1627 522 1691 tandem
542 1647 612 1688 cum
633 1627 745 1688 Proteo
775 1626 833 1689 sibi
854 1627 948 1688 fuisse
969 1627 1128 1708 negotium
1148 1627 1319 1706 poeniteat.

398 1711 461 1773 Has
493 1711 646 1792 procellas
675 1729 733 1772 vos
770 1697 999 1792 philosophiam
1034 1710 1149 1789 dicitis,
1181 1710 1321 1791 Magistri

398 1795 507 1856 nostri.
547 1793 602 1858 Sat
624 1802 690 1855 erat
709 1795 898 1855 iuventutem
922 1791 1142 1871 Christianam,
1170 1799 1318 1873 tanquam

397 1880 429 1939 in
451 1877 583 1940 barbara
603 1867 748 1958 Aegypto
770 1878 971 1956 servientem,
995 1877 1073 1936 haec
1094 1875 1165 1938 ideo
1188 1876 1333 1958 discere,¹

398 1968 433 2021 ut
452 1977 521 2022 cum
558 1962 695 2040 tyrannis
723 1960 784 2020 suis
817 1960 902 2040 loqui
929 1961 1043 2040 possit,
1079 1979 1142 2022 non
1178 1959 1321 2040 probare,

398 2043 501 2190 251ch
536 2042 697 2121 liberetur3
733 2045 779 2104 sic
812 2063 871 2124 ego
911 2041 1126 2107 adolescentes
1158 2044 1321 2106 instituere

482 2245 554 2307 Seio
576 2243 763 2321 iamdudum,
786 2245 828 2304 mi
839 2243 1069 2325 Ohristophore,
1091 2248 1122 2306 te
1141 2245 1241 2306 ridere
1263 2245 1322 2308 hos
1410 2247 1411 2290 Τ

400 2330 542 2411 egregios
565 2329 761 2389 damnatores
784 2327 987 2402 doctrinales,
1003 2356 1004 2360 =
1022 2335 1052 2388 et
1072 2327 1147 2388 illud
1177 2328 1320 2389 festivum

400 2422 485 2474 tuum
515 2420 616 2473 tecum
649 2429 852 2472 murmurare:
887 2409 962 2470 Oum
996 2410 1106 2472 talibus
1135 2409 1322 2473 Doctoribus

399 2498 497 2558 ausim
510 2504 541 2556 et
553 2513 614 2576 ego
627 2493 785 2576 congredi.
823 2493 874 2555 Sic
887 2495 966 2556 enim
990 2494 1072 2555 soles
1085 2495 1222 2556 titulares
1244 2495 1322 2556 istas

400 2576 505 2641 Bullas
516 2578 593 2638 nihil
613 2597 677 2640 non
700 2577 757 2640 sibi
768 2585 948 2658 arrogantes
960 2578 1061 2638 salire.
1083 2579 1196 2639 Verum
1211 2577 1322 2659 positis

402 2663 527 2742 salibus,
543 2660 651 2740 quidus
663 2661 747 2742 digni
760 2667 841 2739 sunt,
861 2680 918 2740 pro
933 2662 977 2722 eis
990 2663 1093 2742 potius
1105 2681 1225 2723 mecum
1240 2661 1324 2741 dole,

402 2745 453 2826 qui
463 2747 519 2807 sub
531 2745 579 2804 his
593 2745 731 2826 tyrannis
741 2745 866 2826 ingenia
880 2746 997 2824 optima
1009 2747 1193 2825 prostituere
1206 2763 1324 2826 cogun-

402 2837 460 2898 tur.
501 2827 580 2888 Nam
603 2828 687 2907 quod
708 2828 775 2888 sine
797 2829 913 2888 caussis
945 2827 1072 2890 adiectis
1106 2847 1173 2890 mea
1196 2828 1325 2889 damna-

402 2919 482 2991 runt,
502 2931 596 2973 nemo
618 2917 666 2972 ast
688 2913 834 2990 omnium,
857 2912 908 2990 qui
931 2929 993 2972 non
1016 2911 1141 2972 damnet
1163 2911 1325 2992 strideat,

402 3015 464 3077 qna
492 2993 604 3057 frivola
634 3002 666 3056 et
699 2996 861 3056 temeraria
898 2993 1095 3056 damnatione
1127 3015 1190 3057 non
1216 2998 1325 3078 parum

404 3079 596 3161 probationis
632 3079 708 3139 meis
752 3078 863 3140 libellis
906 3077 1098 3157 adiecerunt,
1142 3083 1324 3161 praesertim

404 3163 488 3244 apud
510 3182 577 3241 eos,
599 3164 650 3242 qui
673 3181 738 3252 uoq
758 3163 880 3242 penitus
902 3168 973 3222 sunt
993 3169 1098 3223 cautes
1122 3169 1154 3223 et
1175 3164 1306 3246 stipites.

485 3279 632 3361 Suspicor
655 3286 757 3340 tamen
780 3281 835 3339 eos
856 3278 1093 3360 prudentissimo
1117 3282 1246 3344 consilio
1271 3303 1324 3345 no·
1408 3263 1409 3270 ἵ

403 3364 497 3425 luisse
524 3363 639 3445 aliquid
662 3362 803 3444 probare,
825 3369 878 3423 aut
898 3363 1048 3425 rationem
1072 3364 1161 3425 ullius
1184 3365 1325 3448 reddere,

403 3448 487 3528 quod
508 3467 671 3526 memores,
704 3445 775 3526 quid
805 3447 1033 3526 promovissent
1059 3447 1264 3510 colonienses
1293 3451 1325 3511 in

403 3531 552 3594 Renchlin
575 3531 728 3608 iuristam,
756 3536 789 3590 et
810 3549 871 3610 quo
892 3529 1008 3610 impetu
1033 3549 1138 3592 eorum
1160 3532 1325 3594 insulsissi-

404 3634 485 3678 mam
510 3614 692 3695 farraginem
730 3612 899 3692 disiecerit,
931 3615 1112 3694 timuerunt,
1145 3634 1185 3676 ne
1214 3621 1245 3677 et
1265 3618 1327 3698 ipsi

403 3700 435 3760 in
469 3706 629 3760 cornutum
664 3703 696 3757 et
735 3697 914 3778 ungulatum
954 3697 1065 3760 bovem
1109 3699 1328 3782 impingerent,

403 3781 500 3842 multo
523 3782 656 3843 atrocius
678 3782 880 3860 saeviturum,
909 3798 976 3841 cum
999 3782 1113 3843 scirent
1133 3801 1183 3844 me
1204 3783 1328 3846 theolo-

404 3885 475 3946 gum
498 3870 530 3925 et
550 3882 672 3935 suarum
704 3864 863 3925 lamiarum
895 3882 958 3927 non
984 3866 1157 3946 imperitum
1189 3869 1328 3930 mea‘sie
1406 3905 1407 3940 ι

405 3949 563 4024 muniisse,
585 3953 620 4008 ut
640 3948 774 4010 convelli
794 3947 923 4010 feliciter
941 3967 1035 4029 posse
1057 3949 1275 4033 desperarent,
1295 3959 1329 4014 et

403 4035 507 4092 tamen
528 4029 615 4092 salva
636 4051 817 4111 permanere
837 4051 901 4093 non
922 4033 1044 4096 ferrent.
