3159 4792
559 521 656 570 oontru
674 511 784 570 errores
803 512 837 569 tt.
856 506 937 571 Loth.
1094 562 1104 569 .
1153 508 1220 581 287

331 702 427 784 utos,
449 699 497 765 bot
518 704 710 786 elegantibus
733 702 971 787 scortatoribus,
992 708 1101 784 totque
1122 704 1218 766 domi·
1239 776 1241 781 ¹

331 785 380 847 rtis
402 801 505 869 poree,
517 789 654 864 Deoime,
678 805 718 848 ne
739 787 850 869 siquid
873 787 923 847 vel
942 787 1016 849 ebrii
1034 788 1219 865 censuerint,

331 861 488 952 pisouldm
510 872 571 933 hoo
593 872 639 932 eis
661 875 707 932 sit.

333 958 370 1029 u)
394 952 444 1015 No
462 954 522 1016 bos
556 956 729 1037 opprimes,
755 956 839 1015 'irate
860 952 940 1033 uso,
974 972 1052 1037 opus
1075 971 1219 1015 munuum

331 1044 464 1097 morum.
866 1051 868 1063 ·

352 1118 1221 1203 sosoma)Regibus¹1mperstortsdissuasissemu-

292 1203 392 1284 pibus,
413 1203 559 1283 Ducibus,
580 1203 816 1283 linrelrionibm,
835 1202 1017 1282 comitibus,
1040 1202 1220 1281 Beronibus,

294 1284 1221 1367 Oopitoneis,conductoribus,Domioellis,omnibusque0i·

292 1368 454 1447 dotalibus,
475 1369 638 1449 lodicibus,
660 1370 794 1432 Notoriis
813 1370 1030 1430 ecelesiasticis
1053 1376 1084 1430 et
1105 1370 1220 1431 seenle·

293 1452 388 1532 tibus,
410 1452 697 1532 Communitstibus,
719 1452 1220 1533 Universitutibus,Potentstibus‚

293 1536 494 1616 (liritodbus,
516 1538 641 1613 cestrie,
674 1538 762 1597 terris
784 1543 816 1597 et
837 1536 931 1616 loeis,
965 1554 1146 1597 sensorum
1170 1536 1219 1597 vel

293 1637 399 1681 esrum
420 1620 550 1699 stvibm,
573 1620 795 1681 habitatoribus
810 1626 842 1681 et
862 1620 982 1699 ineolis,
1004 1635 1041 1679 ao
1063 1619 1220 1699 quibusvis

293 1702 362 1763 eliis
370 1704 526 1783 personis,
548 1702 775 1781 ecelesiasticis,
797 1703 848 1764 vel
865 1702 1055 1785 regularibus
1071 1709 1122 1781 (ut
1133 1722 1219 1784 proe-

293 1784 407 1869 terbur)
422 1803 487 1865 per
516 1788 691 1847 universnm
725 1785 830 1847 orbem
860 1785 1049 1866 ubieunque,
1081 1805 1218 1867 presser-

293 1870 397 1947 omi)
420 1870 453 1929 in
476 1869 639 1931 Alemonie
670 1870 889 1948 existentibus,
921 1868 971 1930 r'el
999 1886 1056 1951 pro
1079 1876 1218 1951 tempore

293 1952 412 2031 munus,
433 1953 641 2033 nepruefstos
656 1972 785 2032 errores,
809 1960 862 2013 out
876 1968 980 2014 eorum
998 1952 1129 2033 sliquos,
1151 1972 1218 2033 per-

179 2039 180 2042 ’
295 2052 480 2115 uersumque
509 2036 679 2097 doctrinam
709 2035 885 2099 huiusmodi
907 2040 1111 2114 assereres),
1142 2036 1219 2097 sitir-

293 2130 393 2198 nrsre,
415 2118 596 2198 detendere,
618 2118 814 2200 praedicere,
835 2126 888 2180 eut
908 2118 953 2179 illi
975 2118 1218 2200 quomodolibet,

294 2202 419 2283 publice
441 2203 491 2263 rel
522 2203 660 2281 ooeulte,
694 2204 804 2283 quovis
836 2204 977 2283 quaesito
1010 2202 1135 2284 ingenio
1169 2204 1218 2264 vel

294 2285 403 2347 eolore
423 2288 516 2347 tacite
538 2286 589 2348 vel
610 2301 757 2366 expresse
778 2284 924 2363 severed)
949 2293 1156 2367 praesumant.

334 2372 372 2447 n)
398 2368 549 2430 inlinitum
572 2377 620 2431 est
639 2369 752 2433 Leonis
768 2388 908 2451 regnum,
930 2376 1022 2449 etque
1044 2388 1081 2431 eo
1094 2370 1217 2451 gravius

333 2453 456 2516 etism·
483 2452 581 2528 Quum
604 2453 779 2534 periculosa
800 2454 892 2534 igitur
912 2472 962 2514 res
984 2459 1047 2537 est,
1081 2452 1216 2515 Leonem

335 2536 478 2615 sonipere
512 2538 543 2597 in
565 2535 809 2616 Rempnblioem.
852 2535 957 2617 tsm1)
982 2544 1146 2617 postquem
1168 2556 1217 2599 se·

335 2618 398 2679 mel
421 2621 502 2680 enim
522 2625 675 2701 ooooptus'
690 2639 724 2681 es
738 2628 780 2695 tu,
803 2620 941 2701 Decime,
964 2620 1140 2701 sliquoque
1161 2622 1217 2701 ris,

338 2700 395 2762 sed
418 2703 460 2765 uli
481 2721 545 2764 non
574 2709 680 2785 potes,
708 2704 767 2764 nisi
795 2706 909 2765 nostris
932 2704 1050 2847 spoliis.
1093 2704 1216 2766 Utinam

334 2804 479 2866 grosom
502 2792 626 2866 poetam
648 2785 869 2867 audiissemns3
903 2806 937 2849 se
980 2786 1135 2867 slentte,
1165 2791 1216 2869 qui

336 2876 531 2949 seoepernnt.
573 2870 639 2930 lios
661 2877 785 2951 oportet
805 2872 918 2931 imitari
939 2869 1110 2950 apostolos,
1132 2873 1217 2932 iuxts

335 2952 576 3032 institutionem,
606 2972 697 3033 quom
721 2954 896 3033 uoeepimus
918 2951 957 3033 eb
978 2952 1074 3033 ipsis,
1096 2959 1128 3014 et
1148 2955 1216 3016 sub·

336 3034 448 3097 duoere
471 3054 529 3097 nos
551 3055 570 3098 s
592 3042 638 3118 te,
675 3039 727 3117 qni
746 3036 924 3099 inordinate
949 3036 1099 3115 tegeris,
1124 3043 1217 3115 etque

336 3120 424 3179 oneri
442 3136 480 3180 es
500 3118 602 3180 nobis.
645 3119 719 3200 Ubi,
754 3135 846 3200 quem
874 3116 976 3201 magni
998 3120 1091 3199 facis,
1128 3118 1214 3180 divus

334 3201 541 3283 Hieronymus
561 3212 657 3283 putot,
679 3203 828 3285 prodesse
851 3204 913 3283 tibi,
937 3204 961 3263 si
984 3201 1153 3265 detraheris
1175 3204 1213 3265 ab

335 3286 514 3367 arrogantis
535 3292 604 3363 tue,
634 3294 667 3347 nt
688 3294 799 3367 postes
816 3295 901 3349 resto
924 3286 1033 3347 itinere
1055 3286 1214 3368 gradiaris.

336 3367 373 3443 b]
398 3368 457 3431 [toi
478 3368 654 3430 felicissime
675 3370 805 3433 sedebat
825 3370 956 3451 rapienti
978 3368 1048 3449 tibi,
1072 3377 1103 3432 et
1124 3390 1216 3452 snper

334 3470 426 3531 quum
448 3452 593 3513 fsoillime
624 3453 707 3515 soles
737 3456 841 3536 rugire
861 3452 911 3535 tu,
948 3462 984 3515 ut
1015 3462 1129 3515 'terrem
1148 3456 1213 3516 eius

334 3539 435 3615 ponus
457 3536 487 3595 in
510 3536 716 3601 solitudinem.

322 3623 371 3693 ·o)
397 3617 555 3679 Omnium·
570 3620 691 3681 oooulte
722 3622 815 3681 etiem
846 3618 959 3682 iudicis
977 3640 1054 3681 unus
1077 3616 1214 3683 modera-

329 3708 382 3761 tur
403 3701 482 3778 Leo,
520 3704 603 3781 etqui
632 3704 670 3763 de
693 3702 834 3765 oooultls¹
849 3722 912 3765 non
934 3704 1049 3765 iudioet
1073 3705 1214 3767 eeclesia.

333 3783 372 3862 d)
396 3784 498 3845 Elium
534 3786 566 3845 in
595 3786 717 3849 levones
740 3795 863 3849 nostros
884 3790 930 3848 ins
957 3786 1049 3849 hebet
1080 3787 1132 3848 ille
1155 3808 1215 3850 ser·

333 3887 444 3929 vorum
466 3866 588 3934 sevus.

363 4055 397 4127 1)
417 4056 450 4110 ln
468 4057 512 4112 ed.
531 4057 640 4113 lirum
659 4058 749 4115 deest:
769 4056 836 4112 Iam.
