3159 4792
500 509 503 519 ¹
543 486 922 547 estrumentum.
1136 470 1200 553 288

314 686 357 759 a)
379 681 433 747 Sin
451 682 561 759 finitis,
583 680 759 758 Pontifices,
782 680 834 742 alii
854 680 983 741 aliorum
995 686 1065 740 aeta
1086 680 1200 739 rassin·

319 765 402 842 ditis,
424 773 579 826 ettamen
602 765 697 825 Bullia
719 765 829 825 vestris
851 764 963 845 singuli
981 762 1200 843 praescribitis:
1218 762 1221 764 ’

318 848 371 909 Ad
391 857 571 929 perpensam
594 848 638 907 rei
660 848 849 925 memoriam,
871 854 902 908 et
923 855 1200 908 omnesaeternum

321 932 466 1010 valitura,
501 950 581 1011 quae
594 932 752 1008 statuitis,
785 950 965 1011 persuasum
988 929 1077 991 nobis
1099 928 1200 993 vultis.

319 1014 397 1090 Quis
418 1016 510 1095 igitur
530 1013 711 1075 adhaerebit
731 1032 813 1074 nuno
835 1013 899 1091 tibi,
922 1032 990 1073 oum
1014 1015 1053 1073 sit
1075 1021 1200 1087 eertum,

318 1118 361 1159 ex
380 1099 514 1179 posteris
536 1098 714 1177 quempiam
753 1098 815 1157 hoo
835 1098 979 1157 iudioium
1007 1104 1090 1157 tuum
1121 1096 1201 1156 solu-

319 1181 442 1242 turum?

363 1263 433 1339 Quo
453 1282 529 1324 vero
551 1263 593 1325 ad
612 1264 804 1342 semilarent)
829 1261 965 1324 eiusdem
994 1264 1201 1325 exeommuni-

279 1349 429 1420 oationia,
457 1366 516 1407 neo
537 1366 599 1408 nou
620 1348 796 1407 amissionis
818 1347 1025 1427 ouiusounque
1046 1338 1203 1428 emphyte'l

280 1433 362 1507 osis,
385 1450 441 1491 sea
461 1449 715 1509 quorumeunque
737 1430 914 1504 feudorum,
937 1437 998 1489 ta'm
1022 1449 1041 1490 a
1062 1430 1203 1491 Romans

280 1514 431 1593 eoelesia,
465 1532 557 1593 quam
579 1512 705 1588 aliast)
729 1512 964 1593 quomodolibet
987 1514 1203 1590 obtentorum,

279 1614 319 1742 aq
338 1598 430 1658 etiam
452 1596 652 1657 inhabilitatis
672 1596 712 1657 ad
733 1595 809 1675 illa,
844 1606 874 1657 et
907 1596 968 1657 alia
990 1598 1021 1656 in
1045 1608 1203 1677 posterum

279 1680 457 1742 otineuda.

320 1769 359 1832 a)
381 1763 478 1824 Parae
500 1762 623 1823 brachio
646 1762 795 1840 seoulari,
827 1760 910 1841 Leo,
940 1768 972 1822 ut
992 1764 1032 1822 sit
1054 1762 1135 1842 quod
1159 1763 1201 1823 nl·

320 1848 398 1908 timo
421 1851 530 1907 eontra
550 1864 608 1905 nos
629 1846 785 1926 implores.

321 1930 359 2000 h)
384 1929 498 1989 Audite
524 1929 754 2009 Imperatorem,
767 1928 898 2008 -1quuis
930 1948 950 1987 a
970 1928 1083 1989 Leonis
1112 1931 1205 2011 igitur

321 2032 419 2094 regno
443 2011 519 2074 liber
540 2012 611 2073 esti
637 2022 692 2073 eut
712 2031 802 2091 quem
825 2032 887 2073 uon
910 2014 1070 2073 eontinero
1092 2032 1126 2073 se
1147 2034 1201 2074 un·

322 2095 434 2177 guibue
457 2096 520 2155 suis
542 2095 594 2155 ille
617 2095 723 2176 putat?
745 2096 788 2157 At
808 2095 877 2170 tel)
903 2097 1074 2172 convenio,
1096 2103 1203 2176 pastor

320 2180 397 2243 Iseo.
432 2178 513 2253 Quid
529 2178 719 2240 annularibus
738 2178 880 2258 implioas
903 2184 934 2239 te
956 2181 1107 2259 negotiis,
1150 2182 1201 2259 qui

322 2262 445 2324 Ohriato
473 2258 672 2344 militaris²)?
698 2260 755 2322 Est
787 2261 849 2321 hoo
884 2262 983 2321 vinem
1007 2261 1118 2322 Christi
1149 2283 1205 2343 ge-

322 2344 446 2423 rere³J,
468 2343 590 2405 trahere
611 2344 649 2405 ad
661 2364 705 2415 se,
727 2363 808 2424 quae
820 2343 957 2405 Christus
970 2364 1032 2405 nou
1044 2346 1207 2425 agnoseit?

369 2428 436 2490 lieo
462 2447 524 2488 non
559 2428 661 2506 quoad
696 2446 805 2489 omnes
841 2436 872 2489 et
901 2428 1038 2509 singulos
1067 2430 1206 2507 superius

285 2514 464 2573 nominatos
496 2510 730 2589 inhibitionisa)
759 2511 988 2573 ecclesiastieae
1023 2513 1207 2591 sepulturae,

283 2593 548 2674 inhabilitatisque
584 2594 623 2655 ad
647 2613 756 2657 omnes
788 2602 821 2655 et
842 2594 980 2677 singulos
1003 2600 1088 2656 sotus'
1111 2595 1208 2677 legiti-

281 2699 368 2756 mos,
390 2678 552 2757 infamiae,
582 2696 621 2738 aa
641 2677 857 2758 diffidationis,
889 2685 923 2739 et
944 2680 1079 2741 oriminis
1101 2678 1204 2741 laesae

282 2762 505 2823 maiestatem
525 2762 765 2839 haeretieorum,
799 2767 831 2823 et
860 2761 1011 2850 fautorum
1034 2764 1202 2824 eorundem

282 2845 311 2906 iu
334 2846 401 2906 iure
423 2846 577 2924 expressis
610 2846 738 2925 poenis,
769 2862 808 2905 eo
835 2845 904 2924 ipso
933 2851 964 2904 et
990 2844 1106 2924 absque
1129 2846 1203 2906 ulte-

281 2929 355 2990 riori
377 2928 604 3008 declaratione,
626 2946 682 3008 per
703 2945 812 2988 omnes
835 2934 866 2987 et
888 2927 1026 3007 singulos
1049 2927 1202 3007 supradie-

281 3020 340 3088 tos,
363 3012 389 3071 si
415 3010 561 3096 (quoda)
584 3011 681 3083 absit)
706 3018 815 3071 eontra
835 3009 979 3087 iecerint,
1002 3010 1202 3074 iuonrrendis.

282 3095 309 3154 Δ
331 3094 442 3174 quibua
464 3096 609 3175 vigorem
634 3090 882 3172 ouinsounqne⁴)
906 3094 1059 3153 facultatis
1077 3101 1108 3153 et
1122 3092 1206 3155 olau-

283 3178 417 3239 sulurum
440 3179 532 3237 &aar
554 3180 585 3238 in
608 3176 885 3239 confessionalibus
914 3176 1071 3256 quibusvis
1099 3197 1208 3257 perso-

281 3263 338 3337 nis,
357 3259 416 3321 sub
437 3260 594 3339 quibusvis
616 3260 779 3322 verborum
801 3260 907 3320 formis
929 3261 1202 3343 eontentarumd),

283 3346 340 3405 nisi
365 3364 383 3404 a
404 3344 494 3405 Rom.
516 3344 668 3405 Pontifioe
690 3344 740 3404 vel
760 3343 823 3405 alio
846 3332 885 3405 ab
908 3363 946 3405 eo
969 3343 1008 3405 ad
1030 3344 1061 3404 id
1082 3346 1113 3405 in
1136 3364 1207 3426 spe»

282 3428 329 3488 eie
347 3427 528 3489 mmmmm
550 3428 693 3508 habente,
715 3434 930 3508 praeterquam
952 3428 983 3487 iu
1006 3429 1113 3489 mortis
1134 3431 1207 3489 arti-

281 3510 351 3572 oulo
374 3511 531 3572 eonstituti
551 3507 712 3592 absol-vie)
735 3518 900 3591 nequeant.

322 3598 359 3672 a)
383 3592 412 3654 0
440 3596 677 3656 immanitatem!
708 3592 850 3655 Etiamne
884 3596 915 3653 in
947 3602 1092 3654 mortuos
1128 3594 1202 3657 linet

322 3678 443 3739 saevire
465 3677 543 3738 tibi?
564 3678 663 3754 Quem
684 3678 761 3738 lueis
786 3674 941 3758 tyrannidi
963 3684 1034 3737 tuae
1057 3676 1203 3739 modum?

284 3789 705 3813 —-—-——-·L...-....-.....

352 3866 386 3933 1)
401 3866 488 3921 tuta:
508 3840 561 3919 Ad
575 3872 622 3921 ιο(
647 3823 677 3928 tt
701 3868 729 3919 ln
749 3864 881 3921 adden..
902 3866 1029 3921 militare.
1068 3866 1101 3925 3)
1122 3868 1204 3923 ibid:

282 3937 420 4002 list-hoc,
450 3938 659 4007 vleanqsshriati
679 3942 720 3992 ris
739 3950 845 4007 gerere.
889 3938 922 4007 4)
945 3939 1063 4011 ibidem:
1092 3942 1204 4009 quibus·

282 4026 396 4079 cunque.
