3159 4792
360 487 425 555 440
671 488 830 559 Disputatio
847 488 884 544 Ι).
902 490 937 542 Ι.
956 489 984 542 1..

361 672 502 753 discipuli
517 674 593 749 eius,
615 672 696 734 hanc
708 672 884 735 affinximns
896 674 1161 754 consequentiam,
1179 675 1284 756 legem

362 756 432 819 ideo
456 774 525 818 essa
548 755 727 819 tollendam.
1401 759 1402 762 ’

422 842 474 905 54.
500 839 589 899 Hanc
609 840 667 922 ipsi
689 859 707 900 e
729 858 785 901 suo
808 840 926 920 capite,
958 844 992 898 ut
1012 846 1118 899 essent
1138 841 1214 901 novi
1232 860 1284 901 au·

361 929 444 984 toras
477 930 510 983 et
535 942 610 1003 prae
638 923 767 984 caeteris
799 921 948 1000 illustres,
980 921 1106 984 diabolo
1135 924 1283 1003 magistro

365 1004 557 1067 addiderunt.
750 1001 754 1008 ’
930 1029 932 1038 ·

423 1092 474 1154 55.
496 1086 635 1163 Quatuor
656 1088 721 1149 vias
743 1087 899 1168 Scriptura
920 1086 1014 1149 tradit
1035 1088 1232 1167 praedicandi
1254 1097 1286 1149 et

363 1169 497 1234 docendi
518 1170 557 1230 ad
579 1169 708 1231 salutem
730 1171 900 1251 hominnm,
921 1190 962 1232 ex
985 1179 1117 1251 quatuor
1138 1171 1284 1252 operibus

362 1256 419 1315 Dei
443 1253 592 1316 collectis.

423 1340 473 1403 56.
501 1337 585 1398 Deus
607 1337 690 1398 enim
711 1343 805 1399 terret
831 1338 938 1414 minis,
970 1337 1088 1399 solatur
1114 1338 1285 1417 promissis,

363 1426 471 1483 monet
491 1419 718 1499 afflictionibus,
739 1419 836 1481 allicit
856 1420 1035 1483 benefactis.

421 1503 471 1569 57.
495 1502 556 1565 Sed
572 1502 650 1563 haec
664 1511 805 1583 quatuor,
827 1503 900 1564 dum
912 1503 1072 1579 docentur,
1095 1523 1159 1564 non
1172 1504 1285 1565 tollunt

362 1587 473 1668 legem,
495 1586 550 1648 sed
571 1585 731 1648 stabiliunt
749 1586 863 1669 legem.

423 1672 473 1737 58.
496 1670 675 1752 Benignitas
697 1670 755 1731 Dei
774 1670 902 1731 adducit
913 1670 954 1731 ad
966 1670 1201 1751 poenitentiam,
1223 1670 1285 1731 hoc

362 1760 419 1833 est,
442 1754 598 1833 allegem
620 1754 740 1834 peccati
761 1754 903 1815 virtutem
926 1772 997 1814 esse
1017 1772 1180 1835 agnoscas.

422 1839 470 1902 59.
498 1835 539 1898 Ει
559 1837 611 1896 lex
632 1842 750 1897 terrens
772 1842 804 1897 et
824 1836 970 1899 occidens
1000 1834 1032 1897 id
1064 1837 1144 1917 agit,
1178 1842 1214 1897 nt
1245 1837 1285 1898 ed

363 1940 398 1981 se
420 1920 531 2001 ipsum,
553 1938 609 1980 sea
630 1918 670 1979 ad
692 1920 739 1980 sui
761 1921 972 2001 cognitionem
994 1927 1096 2000 cogat

423 2006 473 2070 60.
495 2002 564 2063 Hoc
587 2008 683 2083 agunt
703 2002 753 2063 isti
775 2002 911 2077 fanatici,
933 2010 967 2063 ιιι
987 2022 1044 2083 per
1059 2009 1284 2064 sacramentum

366 2093 397 2145 et
417 2085 593 2166 exemplum
617 2085 728 2149 Christi
749 2088 849 2166 ipsum
872 2086 1024 2147 Christum
1047 2086 1168 2147 tollant.

424 2172 472 2234 61.
501 2168 580 2230 Nam
603 2169 630 2229 si
651 2169 703 2230 lex
724 2168 857 2247 tollitur,
886 2170 1023 2231 nescitur
1051 2168 1125 2249 quid
1146 2168 1285 2234 Christus

362 2253 411 2329 sit,
433 2251 505 2333 qnid
528 2252 644 2330 lecerit,
667 2252 738 2313 dum
760 2272 817 2333 pro
839 2252 928 2314 nobis
950 2253 1053 2334 legem
1074 2251 1223 2332 implevit.

423 2338 474 2401 62.
497 2335 529 2397 si
552 2336 633 2397 enim
656 2334 878 2417 plenitudinem
899 2335 988 2417 legis,
1010 2335 1110 2413 idest,
1131 2334 1284 2396 Ohristam

311 2470 312 2473 ,
363 2419 536 2500 intelligere
559 2419 648 2497 volo,
681 2437 810 2480 necesse
832 2425 880 2479 est
900 2420 993 2497 scire,
1026 2418 1098 2499 qnid
1120 2420 1160 2492 sit
1180 2418 1235 2479 lex
1255 2425 1288 2479 et

362 2501 522 2581 plenitudo
546 2502 620 2562 eius.

425 2586 475 2649 63.
497 2583 531 2644 ld
554 2582 659 2645 doceri
681 2602 743 2644 non
767 2590 886 2667 potest,
910 2585 970 2645 nisi
991 2584 1156 2664 doceatur,
1178 2585 1211 2645 in
1233 2604 1286 2646 nc·

363 2666 408 2727 bis
429 2666 530 2748 legem
561 2686 623 2727 non
652 2684 722 2727 esse
751 2667 927 2748 impletam,
962 2673 995 2728 et
1025 2668 1097 2729 ideo
1126 2686 1185 2746 noe
1214 2687 1286 2729 reos

360 2751 481 2829 peccati
504 2755 535 2811 et
557 2750 665 2812 mortis
687 2768 766 2812 esse.
983 2800 986 2804 .

423 2834 473 2896 64.
495 2832 563 2894 Hoc
584 2834 609 2894 si
630 2832 808 2912 docebitur,
837 2833 981 2895 discimus
1003 2852 1061 2894 nos
1084 2851 1192 2895 omnes
1217 2853 1287 2896 esse

363 2914 518 2978 debitores
541 2916 629 2998 legis,
651 2922 683 2977 et
704 2918 768 2978 irae
790 2916 882 2979 filios.

423 3001 472 3065 65.
502 2999 616 3081 lmpics
638 2999 827 3080 simpliciter,
849 3019 943 3061 cerne
964 3007 996 3060 st
1017 3000 1141 3080 spiritu,
1163 3018 1220 3060 sen
1240 3006 1286 3061 tc·

361 3082 478 3162 taliter,
511 3084 580 3163 pios
612 3102 707 3162 vero,
740 3088 891 3162 quatenus
924 3084 955 3143 in
984 3102 1078 3143 cerne
1099 3088 1171 3143 sunt
1191 3089 1224 3143 et
1245 3083 1285 3142 vi·

362 3171 446 3226 vunt.
473 3184 475 3191 ’
1171 3187 1173 3191 ·

422 3250 472 3312 66.
502 3246 558 3308 Est
582 3247 685 3328 igitur
701 3248 779 3328 legis
803 3248 944 3309 doctrina
963 3250 995 3309 in
1017 3248 1158 3311 ecclesiis
1179 3267 1286 3311 neces·

360 3331 455 3408 saria,
478 3336 509 3391 et
531 3330 657 3392 omnino
679 3331 855 3409 retinenda,
885 3333 952 3393 sine
973 3350 1035 3411 qua
1055 3331 1194 3394 Christus
1216 3333 1286 3393 reti:

362 3415 428 3475 neri
450 3432 512 3474 non
535 3420 647 3492 potest.
737 3456 738 3463 ,

422 3499 472 3562 67.
503 3495 584 3572 Quid
606 3498 686 3558 enim
710 3496 749 3557 de
772 3496 893 3559 Christo
927 3499 1079 3577 retineas,
1111 3498 1184 3558 dum
1215 3498 1286 3580 lege

298 3614 299 3617 =
359 3588 494 3676 remota,
523 3598 615 3659 quam
643 3579 696 3641 ille
722 3580 878 3661 implevit,
907 3582 1053 3675 nescias,
1073 3581 1145 3661 quid
1179 3582 1287 3663 imple·
1401 3591 1402 3614 ¹

360 3668 471 3810 vwilli-
500 3722 641 3826 Denique
662 3746 708 3806 sic
729 3752 777 3807 est
797 3744 849 3807 lex
870 3748 998 3828 impleta
1027 3748 1058 3808 in
1081 3747 1221 3827 Christo,
1253 3755 1287 3809 ut

361 3846 428 3887 eam
452 3828 496 3887 sic
518 3826 631 3889 docere
652 3847 714 3890 non
737 3831 855 3909 possis,
884 3832 943 3890 nisi
978 3829 1092 3892 doceas
1121 3837 1153 3892 et
1181 3829 1283 3912 legem

357 3910 390 3968 in
412 3908 502 3970 nobis
524 3928 587 3971 non
612 3930 681 3971 esse
702 3912 870 3992 impletam.

423 3991 473 4054 69.
496 3990 631 4073 Summa,
653 3994 754 4074 legem
776 3994 1122 4075 tollere,etpeccatn1n
1137 4002 1281 4057 mortem-
