3159 4792
339 466 360 531 2
717 467 845 536 Epistola

340 658 522 733 innotuisse,
545 654 577 715 id
599 655 681 734 quod
705 655 854 715 Lutherus
875 646 947 735 ipse
965 656 994 713 iu
1017 654 1148 734 epistola
1169 672 1261 732 quam

340 739 534 800 laudavimus
555 738 679 803 indicat.
713 738 1094 818 itaqueHieronymus
1114 736 1260 815 Emser,

231 892 239 899 ,
341 822 422 883 Juris
439 821 798 901 cononiciLicentiatus,
821 821 872 901 qui
894 828 967 880 tuuc
989 819 1070 900 apud
1082 818 1261 900 Georgium,
1295 828 1297 836 “

340 905 498 967 saxoniae
526 906 661 983 Ducem,
701 904 821 965 scribae
850 910 942 983 atque
977 904 1108 964 oratoris
1135 922 1263 962 munere

339 988 523 1070 fungebatur
554 997 585 1049 et
610 995 683 1068 post
710 989 947 1069 disputationem
976 986 1184 1066 Lipsiensem,
1214 987 1262 1045 cui

340 1073 409 1153 ipse
429 1073 593 1148 intererat,
618 1072 656 1131 ab
679 1069 763 1131 Hocii
798 1070 937 1151 partibus
966 1069 1080 1145 stabat,
1118 1069 1262 1130 Joauni

340 1154 460 1232 Zack,
497 1156 605 1214 iurium
629 1155 776 1233 Ductori,
810 1153 981 1214 catholicae
1013 1153 1165 1213 ecclesiae
1193 1151 1262 1212 Pra-

340 1239 445 1319 gensis
467 1237 719 1298 Administratori
742 1256 779 1298 ac
790 1236 1059 1297 Lithomericensis
1070 1235 1261 1315 Praeposito,

341 1320 444 1382 idibus
474 1320 622 1401 Augustis
653 1339 680 1382 a.
705 1322 785 1385 1519
816 1319 977 1400 epistolam
1009 1319 1105 1397 misit,
1135 1336 1196 1397 qua
1224 1318 1262 1377 de

341 1404 550 1482 disputatione
571 1402 724 1483 Lipsieusi
748 1403 887 1463 scribens
916 1401 947 1461 id
976 1404 1169 1481 potissimum
1192 1420 1262 1482 age-

342 1487 409 1563 bat,
438 1494 471 1546 ut
491 1486 637 1547 Boheuris
662 1488 753 1545 istam
789 1485 940 1547 adimeret
974 1486 1169 1564 opinionem,
1203 1503 1264 1563 qua

341 1568 501 1649 superbire
523 1588 561 1629 ac
582 1568 639 1629 sibi
662 1568 849 1649 persuadere
872 1567 1069 1642 videbantur,
1097 1567 1262 1627 Lutherum
1340 1592 1342 1595 ·
1369 1634 1372 1641 ,
1410 1584 1411 1589 ’

342 1651 501 1712 doctrinae
522 1652 696 1712 Hussiticae
730 1654 906 1713 consentire
936 1659 966 1711 et
1001 1658 1103 1731 partes
1125 1652 1262 1730 ipsorum

341 1736 469 1796 multum
493 1735 574 1795 veile
594 1736 709 1796 iuvare.
752 1734 832 1796 Huic
855 1734 1015 1814 epistolae,
1039 1753 1118 1813 quae
1140 1732 1263 1813 Lipsiae

341 1820 469 1898 primum
483 1837 544 1878 uno
557 1817 778 1896 dimidiatoque
798 1819 999 1897 quaternione
1012 1816 1068 1879 sub
1092 1816 1153 1877 boc
1174 1816 1262 1877 titulo

342 1902 470 1981 prodiit:
521 1901 576 1961 De
620 1899 900 1980 disputatione
942 1899 1030 1979 Lip-
1059 1902 1063 1977 Ι
1094 1899 1262 1959 sicensi:

343 1991 522 2063 quantum
560 1982 798 2043 adBoemos
833 1983 960 2044 obiter
997 1982 1159 2043 deflexa
1189 1988 1262 2042 est:

341 2066 424 2146 Epi·
442 2070 447 2143 Ι
467 2067 570 2127 stola
587 2066 814 2146 Hieronymi
838 2066 978 2128 Emser.
1007 2066 1125 2139 ('s.l.et
1146 2065 1263 2129 a.Pan·

340 2171 392 2211 zer
413 2151 494 2212 Anu.
517 2156 581 2230 typ.
606 2149 670 2227 VH,
691 2151 761 2213 212.
787 2148 895 2229 mu),
925 2150 1131 2231 Hieronymus
1154 2146 1265 2209 Emser

341 2234 482 2313 primum,
505 2233 536 2292 id
561 2233 642 2312 quod
664 2240 775 2312 postea
798 2232 940 2293 omnibus
965 2234 1026 2292 suis
1050 2232 1161 2293 libellis
1184 2231 1263 2293 sole·

343 2318 404 2396 bat,
425 2317 626 2397 insigniasua
649 2314 791 2395 praefixit
803 2315 963 2396 gentilitia,
986 2316 1017 2375 in
1039 2316 1147 2395 quibus
1171 2334 1264 2394 caper

343 2400 456 2459 saliens
490 2406 521 2459 et
558 2398 701 2460 cornibus
734 2406 843 2478 petens
878 2398 1134 2479 conspiciebatur.
1177 2398 1263 2469 Haec

341 2485 410 2563 ipsa
446 2502 526 2562 quae
560 2482 741 2542 dicebantur
771 2501 879 2541 arma
912 2475 1142 2562 Hieronymi
1177 2480 1263 2541 Em·

340 2566 418 2626 seri
450 2572 538 2627 eraut
570 2567 601 2625 in
632 2584 759 2639 caussa,
793 2583 846 2624 cur
864 2564 1016 2626 Lutherus
1048 2571 1160 2645 postea
1193 2583 1262 2624 eum

341 2650 464 2730 saepius
486 2657 706 2730 aegocerotem
730 2648 796 2707 sive
818 2649 1050 2727 capricornum,
1072 2647 1262 2728 germanice:

342 2733 429 2793 Book
450 2752 513 2793 von
536 2731 670 2811 Leipzig,
693 2730 780 2791 Book
803 2728 922 2807 Hmser,
946 2731 1127 2811 appellaret.

424 2814 591 2893 Lutherus,
619 2814 668 2874 cui
689 2813 852 2873 Hmserum
890 2813 1022 2875 subdola
1057 2832 1094 2875 ac
1128 2812 1265 2893 maligna

343 2905 446 2959 mente
467 2898 548 2958 hanc
569 2896 732 2978 epistolam
756 2900 970 2977 composuisse
983 2917 1162 2978 persuasum
1189 2905 1264 2974 erat,

343 2988 477 3043 exeunte
519 3001 627 3041 mense
659 2980 832 3061 Septembri
875 3001 903 3045 a.
939 2984 1018 3047 159
1054 2982 1082 3041 ei
1120 2981 1266 3061 opposuit

342 3066 496 3127 libellum:

384 3202 438 3262 Ad
472 3201 762 3281 Aegocerotem
795 3196 1066 3259 Emserianum
1088 3196 1128 3258 Μ.
1150 3196 1222 3257 Ln-

658 3282 760 3342 theri
782 3280 949 3341 additio.

426 3398 491 3461 Nos
513 3398 632 3460 Hmseri
655 3399 818 3480 epistolam
840 3399 922 3479 typis
945 3396 1264 3465 excudendamcura·

345 3486 443 3545 vimus
482 3483 651 3544 secundum
685 3483 852 3543 editionem
887 3482 965 3563 Opp.
998 3481 1121 3542 Lutheri
1153 3482 1266 3541 Jeneu-

344 3588 408 3628 sem
432 3586 459 3626 a.
485 3568 585 3643 1556,
608 3567 693 3627 cuius
716 3574 835 3627 textum
860 3563 1046 3628 contulimus
1077 3583 1147 3625 cum
1179 3567 1266 3625 textu

343 3649 518 3728 Loescheri,
541 3650 644 3728 quiin
668 3648 815 3710 Actorum
839 3649 1080 3711 Reformationis
1102 3647 1190 3708 Toni.
1215 3646 1266 3723 lll,

343 3754 374 3814 p,
388 3737 449 3799 660
459 3750 538 3811 sqq,
561 3732 621 3793 hoc
643 3734 789 3812 scriptum
813 3753 852 3794 ex
875 3732 1011 3793 editione
1035 3729 1177 3812 originali
1200 3730 1266 3809 Lip-

344 3817 437 3878 siensi
471 3810 614 3881 reddidit.
673 3815 833 3876 Lutberi
884 3815 933 3876 ad
968 3815 1267 3896 Aegocerotom

343 3899 619 3960 Hmserianum
663 3897 912 3960 additionem
954 3902 1034 3979 typis
1068 3895 1268 3977 repetivimus

344 4003 383 4044 ex
406 3982 541 4042 editione
564 3982 716 4062 originali,
739 3985 825 4043 cuius
847 3982 898 4043 hic
921 3982 1025 4043 titulus
1049 3986 1110 4040 est:
