3159 4792
465 510 500 565 de
517 503 567 561 illo
587 500 690 561 Christi
707 505 795 563 dieto:
816 505 908 576 Vade,
928 509 1016 567 vende
1033 518 1084 567 ete.
1155 512 1221 583 449

382 690 433 756 81.
455 689 559 760 Tertio
596 695 643 753 est
672 687 743 751 ideo
771 691 979 774 impossibiie,
1016 696 1097 775 quod
1118 718 1220 779 popee

300 774 419 855 nullom
441 775 489 835 ins
510 774 627 838 hebent
649 774 734 855 leges
757 775 927 857 condendi,
949 796 1051 858 neque
1073 781 1220 843 eeclesia-

300 858 404 937 stinas,
427 876 529 938 neque
553 858 675 937 civiles,
697 874 799 937 neque
821 862 1050 923 oeconomicon.
1103 927 1106 934 ,

382 941 432 1005 82.
455 942 616 1023 Praecepit
627 942 707 1002 enim
721 940 859 1003 Christus
874 963 930 1024 per
941 945 1113 1026 apostolos,
1135 947 1219 1026 qnod

299 1029 331 1083 et
354 1025 499 1105 exemplo
533 1026 659 1107 proprio
694 1022 827 1085 firmavit
858 1027 916 1088 snb
937 1026 1054 1112 Pilnto,
1093 1029 1219 1093 obedire

299 1108 540 1188 magistratibus,
562 1115 596 1169 nt
615 1110 722 1171 notum
746 1116 802 1169 est.
839 1158 843 1165 ,

221 1258 224 1267 ,
381 1193 430 1255 83.
453 1193 521 1254 Hoo
543 1212 612 1253 oum
641 1191 794 1252 servarint
825 1212 935 1255 omnes
969 1194 1145 1275 primitivae
1168 1214 1216 1257 eo·

298 1274 423 1355 etesiae,
446 1276 587 1357 episcopi
609 1280 640 1336 et
661 1273 779 1354 fideles,
801 1275 888 1337 solus
910 1282 1041 1339 etnnus
1062 1296 1143 1360 pepo
1165 1299 1218 1340 ou-

297 1377 352 1418 sns
374 1365 422 1419 ent
443 1359 635 1421 oonoulonre.

383 1442 433 1506 84.
456 1443 522 1508 Neo
543 1443 660 1525 cogitet
696 1440 788 1503 belno
815 1442 1007 1523 erotolyons,
1039 1444 1122 1524 qnod
1154 1464 1218 1507 non

298 1535 347 1585 est
361 1545 426 1603 rex,
448 1546 508 1588 neo
519 1526 707 1607 gubernator
728 1542 892 1605 regnorum
906 1526 1002 1587 sDeo
1025 1529 1217 1593 eonstitntns.

382 1612 432 1675 85.
453 1610 495 1671 Et
514 1615 619 1670 tomen
641 1608 673 1669 in
695 1607 805 1669 olienis
827 1610 946 1689 regnis,
967 1609 1099 1690 politiis,
1121 1609 1218 1673 domi·

299 1691 356 1753 bns
379 1692 506 1770 laceret,
528 1693 603 1755 feeit
623 1697 654 1752 et
675 1690 755 1770 furit,
777 1691 858 1752 siont
878 1692 1063 1774 erotolyons.

381 1778 431 1841 86.
454 1776 506 1837 Sin
538 1794 630 1837 ausus
665 1782 714 1837 est
752 1793 843 1855 reges
869 1774 1042 1857 deponere,
1077 1776 1217 1839 subditos

297 1858 337 1919 ab
360 1860 538 1927 obedientie
560 1867 591 1920 et
611 1856 895 1941 homagio(oontrn
906 1859 1033 1920 Panium
1046 1859 1136 1921 Rom.
1149 1862 1215 1939 13.)

298 1942 471 2021 absolvere,
495 1951 525 2004 et
547 1942 652 2003 omnio
674 1941 867 2005 conturbare.

381 2028 433 2093 87.
454 2026 505 2089 Sin
526 2044 618 2087 ausos
640 2037 688 2091 est
709 2024 882 2105 Scripturas
915 2032 1039 2088 sonotns
1062 2025 1120 2088 sibi
1142 2026 1215 2088 sub-

297 2109 409 2191 iioere,
431 2116 463 2172 et
483 2129 539 2191 pro
563 2108 723 2171 voluntate
745 2128 801 2169 sue
821 2109 1035 2190 interpretari,
1069 2115 1101 2171 et
1121 2110 1219 2171 ecole-

298 2194 375 2255 siom
398 2195 605 2275 exstinguere.

381 2281 430 2345 88.
454 2277 505 2340 Sin
532 2296 625 2340 eusus
654 2281 702 2337 est
737 2276 868 2355 petriam
890 2278 1075 2355 potestatem
1097 2274 1218 2352 tollere,

300 2361 375 2424 dete
397 2362 522 2423 licentis
550 2359 654 2422 liberis
680 2364 789 2421 oontro
821 2363 964 2440 parentes
1000 2357 1113 2419 invitos
1146 2376 1218 2419 oon·

297 2445 419 2508 trahere
440 2445 594 2526 coniugis.

380 2531 430 2594 89.
454 2527 599 2590 Similiter
612 2531 721 2589 eontra
732 2525 872 2603 Paulum,
894 2524 987 2585 licere
1000 2523 1144 2586 deserere
1165 2542 1217 2606 po-

299 2620 405 2675 rentes
429 2619 460 2674 et
480 2612 699 2673 monasterium
727 2608 863 2691 ingredi,
893 2609 951 2669 etsi
979 2607 1157 2687 perentibus
1185 2609 1217 2669 in

298 2704 397 2758 morte
419 2695 612 2759 serviendum
635 2698 733 2771 esset,
765 2711 829 2754 non
853 2697 968 2752 tentum
991 2692 1150 2771 proximis.

336 2812 338 2817 ·
382 2784 431 2845 90.
454 2780 600 2842 Similiter
626 2776 749 2857 sponsis
778 2783 810 2835 et
839 2773 1012 2855 sponsobus
1041 2777 1135 2835 etiem
1159 2794 1216 2838 suo

296 2864 362 2923 iure
386 2862 531 2945 (iniuria)
558 2860 753 2941 desponsetis
789 2858 920 2919 liberum
944 2856 1031 2935 feeit,
1052 2857 1218 2937 religiosos
1283 2851 1287 2862 “

297 2946 373 3007 fieri.

379 3032 427 3095 91.
451 3028 591 3105 Summa,
627 3026 704 3087 nihil
725 3031 772 3087 est
801 3021 1002 3085 ordinationis
1035 3020 1158 3083 divinoe
1181 3028 1214 3083 et

297 3114 460 3191 humente,
483 3111 565 3192 quod
587 3111 666 3172 heeo
685 3108 778 3171 belua
799 3126 861 3168 non
884 3104 1107 3186 vesterario).

605 3192 696 3255 Anno
719 3193 759 3257 Μ.
781 3191 819 3254 D.
841 3188 903 3252 XL.

299 3352 702 3363 -α-ψ--η--η--ιο-

369 3445 396 3510 1)
416 3444 465 3497 Hie
483 3449 634 3513 sequnntur
652 3443 681 3494 in
701 3440 743 3494 ed.
762 3437 834 3494 1558
844 3435 996 3489 maioribus
1007 3434 1094 3488 literis
1115 3448 1219 3488 excuso
1279 3440 1285 3449 ‘

297 3517 366 3570 tineo
385 3517 485 3569 verbe:
504 3514 623 3568 Oramus
642 3519 679 3581 te,
697 3510 766 3567 Josn
778 3510 897 3576 Christe,
916 3507 955 3559 fili
971 3505 1034 3574 Dei,
1052 3505 1173 3559 salvator
1191 3512 1220 3560 et

295 3584 423 3657 pontifex
442 3595 543 3652 noster,
564 3602 612 3655 per
631 3587 738 3639 viscere
751 3584 961 3635 miserationum
981 3585 1106 3642 tuarum,
1127 3584 1157 3629 nt
1175 3594 1219 3631 ve

296 3662 505 3726 niens-venies,
534 3659 636 3713 liberes
654 3672 720 3720 nos,
757 3662 785 3708 et
803 3654 928 3707 claritate
946 3650 1081 3705 adventus
1099 3652 1139 3702 tui
1160 3649 1219 3719 glo·

297 3734 363 3787 rinei
382 3731 510 3785 destruas
529 3731 601 3783 hone
630 3727 887 3798 pestilentissimam
905 3722 1030 3788 belusm,
1064 3722 1163 3775 Amen.
1184 3749 1218 3760 -

295 3803 326 3857 In
347 3802 472 3861 eddon.
492 3802 570 3857 deest
595 3800 665 3857 hoen
690 3800 790 3867 oretio.

322 3910 415 3951 Luttseri
429 3920 481 3959 opp.
497 3910 523 3950 V.
537 3910 565 3949 A.
581 3908 611 3947 sd
623 3906 664 3947 ret.
679 3904 733 3946 hist.
747 3904 763 3943 1.
777 3914 801 3953 p.
815 3903 864 3945 Vnt.
877 3900 915 3941 Ν.
1106 3875 1149 3943 29
