3159 4792
566 544 601 598 da
619 544 745 599 lihertme
763 545 932 601 christiane.
992 589 1001 600 .
1143 545 1206 612 227

280 733 338 793 sihi
359 732 479 794 idolum
509 733 541 792 in
567 731 662 792 corde
684 733 820 814 erigit?
833 733 914 810 Quid
936 747 1010 814 ergo
1023 731 1209 817 ¹)protunt

280 827 377 896 opera
398 816 431 875 iu
459 815 520 875 hau
544 815 704 896 impietate
727 817 828 895 laem,
861 819 981 878 etiamsi
1013 817 1157 898 angelica
1176 824 1209 879 et

279 898 457 982 apostolice
477 897 600 958 forent?
621 899 717 959 Recte
739 915 815 980 ergo
832 901 924 982 Deus,
946 919 1010 962 nou
1032 902 1063 960 in
1085 902 1131 961 ira
1153 907 1206 962 aut

182 993 189 1008 ‘
279 975 427 1059 libidine,
461 981 570 1042 sedin
591 981 808 1044 incredulitate
838 986 942 1044 omnia
965 984 1132 1062 conclusit,
1167 1002 1207 1045 ue

280 1067 330 1143 qui
357 1028 452 1124 ousiis
484 1072 516 1128 et
544 1066 711 1125 mansuetis
742 1067 887 1147 operibus
919 1067 995 1147 legis
1030 1031 1151 1148 linguiri
1173 1085 1208 1128 se

278 1148 412 1228 impiere
432 1147 533 1228 legem
560 1156 610 1219 (ut
630 1155 701 1208 sunt
723 1150 868 1229 politicae
891 1157 922 1210 et
941 1149 1095 1211 humanae
1117 1152 1207 1211 virtu·
1294 1205 1297 1212 ,

277 1231 459 1313 ιιι)ιι1ιοι
474 1248 509 1290 ιι
519 1228 554 1311 ¹)
577 1230 695 1292 futuros
709 1240 915 1312 praesument,
938 1250 1006 1298 cum
1029 1235 1060 1294 iu
1077 1237 1209 1314 peccato

278 1313 504 1374 incredulitatis
527 1314 740 1394 comprehensi
771 1323 824 1376 eut
853 1316 1091 1376 miserioordiam
1115 1335 1206 1396 quee-

279 1403 359 1475 runt,
382 1405 435 1456 aut
457 1410 513 1476 per
533 1398 678 1456 iustitiam
701 1398 892 1458 damnentur
1226 1441 1230 1457 .

366 1479 424 1541 Ubi
448 1486 550 1539 eutem
573 1479 656 1539 Deus
679 1480 778 1555 videt,
802 1484 961 1542 veritatem
985 1480 1043 1542 sibi
1065 1481 1156 1543 tribui
1178 1489 1209 1542 et

278 1561 343 1624 fide
370 1563 474 1623 edidis
495 1564 591 1623 nostri
614 1563 691 1640 se³i
715 1528 860 1624 horioreri
883 1571 969 1626 tauto
990 1564 1126 1641 honore,
1148 1583 1209 1644 quo

279 1648 349 1727 ipse
364 1631 484 1726 diguus
506 1652 569 1706 ιιι·
601 1662 704 1706 rursus
727 1656 758 1706 et
778 1649 846 1726 ipse
866 1666 923 1707 nos
945 1647 1094 1726 honorat,
1117 1645 1208 1707 tribu-

279 1749 336 1790 ens
359 1736 394 1789 et
416 1729 505 1789 nohis
527 1729 686 1789 veritatem
724 1736 754 1788 et
774 1731 937 1807 iustitiam,
970 1693 1096 1809 proptei
1127 1731 1208 1789 hane
1286 1741 1289 1746 '

279 1811 386 1872 fldem.
429 1811 519 1871 Fides
542 1814 622 1871 euim
646 1812 720 1872 lacit
739 1815 900 1872 veritatem
922 1813 1120 1890 etiustitiam,
1142 1811 1207 1872 red-

280 1895 360 1955 dens
382 1894 451 1956 Deo
473 1908 575 1970 suum,
608 1893 680 1955 ideo
721 1913 824 1956 rursus
852 1894 952 1956 reddit
972 1896 1055 1956 Deus
1077 1897 1209 1958 iustitiae

278 1986 410 2038 nostrae
429 1977 568 2058 gloriam.
612 1977 725 2037 Verum
748 1986 798 2038 est
819 1981 898 2038 euim
917 1986 947 2038 et
966 1980 1088 2056 iustum,
1111 1979 1208 2038 Deum

279 2079 352 2121 ease
374 2077 515 2120 veracem
539 2070 571 2120 et
592 2061 714 2138 iustum,
737 2071 769 2121 et
789 2062 851 2121 hoo
871 2065 898 2122 ei
921 2062 1053 2122 tribuere
1084 2068 1116 2121 et
1137 2081 1209 2122 cun·

279 2144 378 2221 literi,
400 2143 461 2204 hoc
483 2149 539 2222 est,
562 2163 631 2204 esre
652 2160 794 2204 veracem
813 2153 844 2205 et
864 2147 987 2205 iustum.
1010 2144 1109 2207 uiui.
1133 2145 1208 2241 Reg,

279 2225 363 2310 5⁴J:
370 2188 568 2306 Quicunqire
582 2227 835 2302 honorificatura,
859 2226 1054 2308 glorificabo
1054 2245 1134 2307 eum,
1158 2228 1209 2306 qui

279 2326 357 2371 vero
380 2315 582 2370 contemnunt
609 2326 675 2389 me,
705 2315 794 2370 erunt
821 2311 983 2392 ignobiles.
1027 2309 1079 2370 Sic
1100 2276 1211 2369 Priulus
1241 2357 1245 2364 ,

279 2394 371 2453 Rom.
395 2393 415 2454 4
437 2392 581 2452 Abrahae
600 2391 689 2469 dicit,
723 2410 810 2453 snam
832 2391 924 2454 iidem
947 2411 1017 2453 esse
1038 2400 1209 2472 reputatam

279 2476 487 2550 iniustitiam,
510 2475 580 2555 quia
601 2493 657 2555 per
678 2493 745 2536 eam
769 2475 853 2536 dedit
876 2477 1055 2557 planissime
1077 2477 1207 2578 glorium

279 2559 359 2635 Deo,
382 2565 415 2617 et
432 2557 522 2618 uobis
545 2558 653 2620 mdem
670 2559 977 2639 causareputandam
991 2557 1029 2620 ed
1052 2561 1208 2637 iustitiam,

279 2640 556 2703 sicrediderimus.

363 2725 469 2784 Tertia
504 2722 577 2784 fidei
610 2725 709 2804 gratia
753 2725 1003 2805 incomparabilis
1037 2732 1085 2785 ast
1122 2726 1208 2802 haec,

280 2807 365 2887 quod
387 2808 521 2867 enimam
545 2808 671 2887 copulet
697 2825 767 2866 cum
789 2809 929 2886 christu,
962 2810 1041 2869 sicut
1062 2825 1209 2890 sponsam

239 2913 246 2922 ·
280 2906 350 2952 cum
377 2907 506 2971 sponsu,
528 2907 590 2987 quo
612 2889 813 2952 {incremento
839 2890 890 2973 (ut
912 2891 1071 2970 apostolus
1095 2891 1207 2974 docet)

279 2973 420 3034 Christus
449 2981 482 3034 et
510 2975 614 3034 anime
645 2971 818 3034 efficiuntur
849 2993 911 3034 uua
945 2990 1027 3034 caro
1072 2972 1210 3047 Quodsi

279 3077 342 3117 ιιιι
374 3072 447 3117 uero
484 3063 570 3132 sunt,
604 3059 752 3122 verum⁵i
776 3059 857 3118 inter
883 3075 938 3117 eos
976 3056 1210 3132 matrimonium,

280 3142 344 3201 imo
380 3141 519 3201 omniurn
556 3139 650 3281 loutge
691 3141 955 3236 perlectisslmum
982 3148 1212 3198 consummetur

283 3224 373 3304 (cum
398 3222 534 3283 humana
556 3230 619 3282 mat
619 3224 752 3283 timonio
783 3223 872 3282 huius
906 3223 986 3282 unici
1007 3219 1126 3302 figurae
1148 3223 1210 3281 siut

281 3311 429 3384 tenues),
462 3306 599 3384 sequitur
627 3313 659 3365 et
682 3308 787 3366 omnia
809 3322 914 3366 corum
938 3306 1114 3365 eommunia
1136 3303 1211 3379 lieri,

283 3397 344 3449 tam
369 3388 454 3449 hona
476 3407 567 3467 quam
590 3388 672 3448 male
680 3395 753 3469 ,ut,
776 3404 978 3468 quaecunque
1002 3388 1140 3450 Christus
1162 3389 1212 3448 Ιιι-
1260 3382 1273 3402 ”

282 3471 343 3547 bet,
368 3471 449 3532 da''
429 3490 468 3530 us
492 3480 637 3550 tunquam
653 3473 926 3551 suispraeaumare
949 3481 979 3531 et
996 3472 1121 3551 gloriari
1144 3490 1212 3550 pos-

282 3556 320 3615 sit
340 3553 444 3615 fidelis
467 3556 586 3631 anime,
608 3561 657 3632 et,
688 3572 890 3636 quaecunque
913 3556 1036 3614 animae
1058 3561 1144 3632 suut,
1176 3569 1213 3613 ea

283 3638 341 3699 sihi
364 3644 491 3718 arroget
512 3636 650 3698 Christus
673 3644 819 3716 tanquam
842 3657 907 3698 sua.

365 3720 568 3782 Conferamus
596 3721 672 3798 ista,
705 3729 737 3780 et
769 3721 941 3782 videbimus
969 3719 1213 3796 inaestimabilia,

286 3803 425 3864 Christus
447 3803 557 3883 plenus
579 3811 628 3866 est
649 3805 763 3884 gratie,
799 3805 862 3864 vite
894 3810 925 3864 et
955 3803 1072 3879 salute,
1110 3803 1214 3862 anima

280 3912 321 3920 ι...
502 3910 707 3920 -n—-n-——u-

357 3946 441 4011 l)lu
460 3947 501 4000 ed
524 3947 605 4003 1521:
627 3947 693 4016 quid
712 3962 790 4016 rogo
812 3945 845 4008 2)
867 3940 897 3997 lu
917 3943 960 4012 ed
977 3943 1046 4011 orig.
1066 3943 1155 3996 deest·
1176 3958 1215 3995 se

284 4017 317 4081 di
332 4017 456 4071 Ibidem
479 3963 1031 4082 ase.t)1ueu.sgen.:tsamhei.2
1068 4015 1100 4082 5)
1122 4013 1152 4068 Iu
1173 4015 1216 4067 ed

284 4091 372 4159 erip:
394 4105 555 4159 verumque
935 4153 1004 4220 15.
1127 4137 1135 4144 .
