3159 4792
358 488 407 580 ω’
588 517 697 573 rose.
716 517 935 573 couerci-n.
952 519 1067 573 ursos

359 700 477 781 trgnbit
500 714 577 766 cam.
620 679 733 763 Nonne
765 710 797 764 et
827 706 870 784 pii
899 710 1042 783 parentes
1064 705 1133 785 plus
1153 706 1186 765 iu
1208 703 1278 765 filiis
1397 679 1398 742 l

359 784 476 861 dolent,
500 786 526 844 si
549 787 609 846 sint
631 786 722 863 fures,
745 794 799 847 aut
823 788 905 860 mali,
928 805 1019 866 quarn
1032 788 1193 865 vulnerati,
1213 790 1277 849 imo
1397 809 1399 814 ’

358 870 482 965 ipsiruet
512 888 568 929 eos
590 868 723 929 caedunt
744 873 950 947 eisarnam,
980 878 1014 930 ut
1035 872 1106 931 mali
1127 888 1276 932 essenon
1397 917 1398 926 t

357 959 524 1108 pinliitdid
546 1050 620 1115 ergo
643 1034 758 1115 obstat,
779 1036 863 1115 quod
885 1037 1070 1098 honoralum
1087 1055 1194 1097 rernm
1216 1056 1278 1098 non
1397 1103 1398 1128 p

360 1118 507 1179 sentitur?
541 1118 675 1197 Nempe,
710 1126 743 1179 ut
764 1119 842 1193 dixi,
871 1120 942 1181 Deo
964 1120 1150 1201 disponente
1169 1122 1215 1181 ita
1235 1120 1280 1196 st,
1397 1167 1398 1170 η

360 1208 393 1260 nt
414 1200 508 1262 bomo
531 1220 594 1261 non
616 1200 755 1281 deficiet,
794 1203 819 1262 si
841 1219 899 1263 sua
919 1204 1002 1263 mala
1024 1205 1216 1283 penitissima
1237 1205 1279 1263 ri·

317 1298 320 1301 ·
359 1284 454 1345 deret.
481 1284 560 1344 Nem
583 1284 745 1346 abscondit
767 1304 814 1364 ce,
836 1285 948 1347 rolens
968 1286 1113 1347 sclatidc
1134 1289 1279 1365 secerni,

360 1367 432 1427 dum
453 1384 492 1427 aa
514 1367 630 1430 indicat
651 1368 787 1429 sensibili
816 1368 908 1429 malo.
952 1370 1058 1449 ltaque
1086 1372 1117 1429 in
1144 1371 1196 1430 die
1218 1384 1278 1429 ma·

358 1449 457 1511 lorum
479 1470 597 1511 memor
618 1459 685 1511 estc
702 1451 863 1513 bonorum.
892 1453 971 1513 Vide
993 1461 1141 1531 quantum
1162 1452 1280 1514 bonnm
1397 1489 1398 1518 ι

359 1534 407 1611 eit,
430 1553 493 1594 non
516 1554 609 1595 nosse
630 1539 727 1595 totum
751 1536 874 1596 melum.
916 1533 1013 1596 Huius
1031 1543 1098 1596 esto
1121 1536 1196 1597 boni
1219 1556 1280 1597 mc·

360 1636 436 1697 mor,
460 1626 491 1678 ct
512 1618 611 1678 minus
625 1618 772 1682 cruciabit
793 1618 940 1680 sensibile
957 1618 1080 1687 malum.
1110 1621 1160 1681 lta.
1177 1638 1281 1692 rursus

346 1703 390 1761 in
414 1698 464 1760 dic
486 1700 639 1762 bonorum
661 1720 779 1763 memor
801 1707 870 1762 esto
891 1702 1052 1780 malorum,
1073 1702 1105 1762 id
1128 1693 1184 1781 est,
1207 1701 1280 1763 dum
1397 1773 1398 1784 χ

358 1782 502 1844 indolens
525 1792 722 1845 essenorum
761 1784 925 1863 malcrum,
956 1786 989 1845 in
1024 1785 1083 1845 hac
1110 1786 1282 1848 indolentia
1397 1787 1398 1846 l

417 1875 464 1927 tus
486 1874 573 1945 esto,
602 1874 635 1927 et
663 1886 834 1928 memorare
857 1886 998 1928 verorum
1019 1869 1190 1946 malornmq
1216 1877 1282 1929 tum

382 1954 423 2027 et,
446 1958 479 2009 ut
500 1952 600 2009 minus
623 1951 738 2010 sentias
750 1950 897 2011 sensibile
912 1952 1036 2014 malum.
1070 1952 1174 2012 Glaret
1194 1971 1283 2033 ergo,
1397 1951 1398 2022 i

360 2033 507 2093 maiorem
530 2052 599 2093 esse
620 2034 651 2092 in
665 2032 789 2093 bomine
811 2052 933 2113 seraper
954 2033 1166 2111 indolentiam,
1187 2052 1282 2113 quam

359 2114 500 2175 dolorem
522 2116 552 2175 in
575 2116 634 2176 bac
655 2116 736 2194 vita,
769 2136 832 2177 non
860 2117 944 2196 quod
982 2136 1045 2177 non
1075 2121 1285 2199 praecensuit

362 2197 476 2258 malum
490 2206 599 2275 totum,
621 2198 676 2259 scd
699 2198 782 2279 quod
805 2200 911 2280 opinio
934 2207 965 2261 et
985 2200 1115 2262 affectus
1136 2202 1202 2261 cius
1219 2221 1284 2262 non

358 2283 403 2341 'sit
424 2302 479 2361 per
501 2282 557 2343 Dei
580 2281 759 2359 bonitatem,
782 2284 834 2363 qui
856 2282 1020 2344 abscondit
1040 2286 1149 2364 ipsum.

444 2365 523 2425 Hinc
554 2364 694 2427 videmus
724 2385 796 2444 eos,
834 2366 945 2445 quibus
976 2366 1081 2428 datum
1112 2374 1160 2430 cst
1193 2388 1283 2429 snam
1397 2369 1398 2386 ¹

361 2467 466 2508 verum
488 2450 601 2509 malum
613 2450 732 2525 intueri,
756 2468 847 2527 quens
863 2451 1007 2512 atrociter
1027 2452 1058 2510 in
1070 2470 1106 2511 se
1116 2452 1202 2531 ipsos
1216 2470 1282 2512 sac

361 2532 456 2605 siant,
479 2550 568 2610 qnam
593 2532 667 2591 nibil
689 2531 820 2610 ducant,
843 2533 991 2613 quidquid
1012 2536 1077 2613 pati
1097 2542 1231 2614 possunt
1251 2535 1283 2594 in
1397 2567 1398 2570 ¹

361 2621 427 2674 tota
449 2614 526 2691 rita,
554 2614 648 2675 modo
670 2616 821 2675 infernum
855 2634 943 2676 snum
964 2634 1028 2677 non
1050 2618 1194 2677 sentiant.
1238 2617 1285 2678 lta
1397 2673 1398 2682 ,

359 2699 569 2777 unusquisqne
600 2698 732 2774 iaceret,
766 2700 791 2757 si
821 2699 870 2759 vel
892 2701 1037 2777 sentiret,
1071 2701 1120 2762 rel
1143 2698 1286 2761 crederet
1397 2701 1398 2766 ζ

360 2778 486 2840 firmiter
514 2780 627 2840 melum
651 2800 737 2841 suurn
767 2783 935 2860 internum,
967 2790 1079 2863 sponte
1107 2782 1286 2845 advocaret
1397 2769 1399 2808 l

360 2868 489 2923 externa
512 2864 603 2941 mala,
625 2864 744 2925 luderet
764 2866 796 2924 in
815 2866 870 2943 eis,
892 2871 1156 2945 atquenunquarn
1168 2866 1285 2927 tristior
1397 2871 1398 2926 ἶ

362 2952 454 3023 esset,
476 2965 566 3026 quarn
591 2947 661 3007 dnm
683 2968 746 3009 non
768 2947 896 3009 baberet
917 2949 1018 3026 mala,
1037 2949 1120 3009 sicut
1140 2950 1285 3010 novimus
1397 2951 1398 2990 Τ

362 3028 512 3108 quosdam
530 3030 662 3092 Sanaos
683 3031 807 3095 fecisse.
850 3030 957 3107 Qualis
979 3032 1078 3092 David
1101 3032 1180 3095 Psal.
1204 3036 1235 3097 o.

444 3114 538 3193 igitur
558 3116 771 3195 primaimagc
784 3115 995 3177 consolatoria
1007 3122 1064 3192 est
1086 3114 1219 3197 sibiipsi
1240 3116 1285 3176 di·
1397 3107 1398 3186 i

363 3214 443 3275 cere,
465 3196 619 3275 Nondum,
642 3216 661 3257 o
684 3197 790 3275 homo,
813 3199 908 3258 sentis
921 3200 1036 3259 malum
1054 3204 1150 3275 tunm,
1172 3199 1286 3280 gande,

362 3287 394 3339 ct
414 3280 530 3359 gratias
550 3300 619 3361 age,
641 3280 723 3359 quod
745 3299 808 3340 non
829 3282 943 3341 sentire
965 3282 1114 3363 cogens»
1127 3287 1221 3361 atque
1240 3284 1287 3342 ita
1324 3292 1332 3304 “
1397 3263 1398 3286 ³

361 3361 476 3422 malurn
505 3364 737 3442 comparatione
770 3364 896 3423 maximi
935 3364 1003 3425 leve
1032 3363 1100 3441 list,
1133 3364 1196 3425 boc
1228 3372 1286 3436 cst,

363 3444 447 3525 quod
479 3444 532 3504 alii
560 3444 680 3507 dicuntr
713 3446 821 3526 Longe
850 3448 973 3527 peiora,
1009 3448 1102 3507 etiarn
1133 3448 1286 3509 internum

362 3530 489 3589 meritus
517 3546 601 3607 snm,
637 3528 728 3589 facile
766 3529 890 3607 quidem
925 3530 1024 3609 dictu,
1053 3530 1112 3591 sed
1141 3532 1286 3593 intolcra

363 3611 426 3672 bile
449 3630 552 3674 sensns
601 3644 604 3651 ·

348 3703 355 3725 ⁸
379 3720 382 3738 ν
445 3694 548 3773 Atque
569 3694 630 3755 hoo
652 3694 765 3755 malum
794 3694 1018 3775 quantumlibet
1038 3695 1149 3777 latest,
1181 3696 1286 3759 taincri

363 3776 480 3837 linctus
501 3794 574 3839 suos
596 3777 700 3858 prodit
714 3780 788 3839 satis
802 3778 974 3840 sensibiles.
1006 3778 1044 3839 Hi
1054 3777 1080 3861 ¹)
1103 3787 1175 3841 sunt
1194 3783 1288 3843 timor

364 3868 397 3921 et
416 3861 601 3923 incertitudo
623 3860 762 3941 trepidae
783 3863 1007 3941 conscientiae,
1035 3882 1097 3942 qna
1123 3863 1203 3925 tides
1232 3867 1288 3925 irn-

664 3982 780 3989 .....--.—-

439 4032 471 4096 1)
493 4032 523 4084 In
543 4034 586 4088 ed.
605 4035 676 4103 orig.
696 4034 799 4105 nbiqns
817 4034 952 4102 scriptun
971 4032 1088 4103 lsqitnrr
1108 4035 1155 4102 bii,
1173 4038 1236 4092 biis.
