3159 4792
399 488 463 565 198
674 493 832 569 Responde
860 493 890 546 b.
907 491 945 549 lt
964 492 1074 551 lutheri

400 680 474 765 puio
494 681 613 748 entim
633 680 768 753 termut
790 700 828 754 er
848 679 994 749 totietate
1010 679 1162 756 disserent
1183 677 1323 752 verbum·

399 783 460 845 pue
478 763 539 834 Dei
559 761 748 842 nectebant,
776 770 810 829 ut
832 763 941 834 malles
969 783 1024 828 eos
1045 782 1108 832 nos
1131 763 1231 833 minus
1254 780 1324 824 esse

399 855 502 913 mutos
524 846 564 908 cd
585 847 813 923 disserendum,
842 866 933 926 quam
955 852 1025 910 sunt
1046 845 1087 908 ad
1107 865 1164 908 sua
1190 841 1324 926 proben-

399 929 482 1001 dum.
525 929 594 1005 Quo
614 931 696 991 enim
718 929 906 1010 eruditione,
926 929 1004 1010 flde,
1036 929 1220 992 dexteritate
1240 926 1325 994 hune

398 1013 503 1086 locum
526 1012 701 1094 Scriptura-e
721 1013 794 1082 huic
814 1020 998 1096 optaverunt
1017 1014 1189 1102 proposito,
1211 1009 1323 1075 eadem

398 1096 468 1167 sime
488 1094 583 1160 dubio
606 1115 676 1166 mea
694 1096 923 1178 consumerent,
945 1103 977 1161 et
996 1116 1053 1166 eus
1074 1095 1270 1177 probassent,
1292 1093 1322 1154 id

399 1178 484 1259 quod
505 1198 573 1242 non·
588 1179 785 1262 ignorabant,
803 1179 939 1262 ideoque
957 1199 1023 1244 nou
1039 1177 1204 1256 audebant,
1227 1195 1323 1274 quan·

403 1269 556 1342 teeunque
570 1264 744 1330 temeritate
765 1270 939 1345 agerentur,
983 1261 1074 1324 Tanti
1094 1267 1243 1327 momenti
1264 1267 1324 1339 est,

400 1343 483 1429 qnod
495 1343 732 1414 Ecclesiasticus
754 1347 812 1410 ait:
835 1345 964 1432 Semper
984 1346 1153 1433 proesumit
1172 1363 1270 1412 saeua
1289 1351 1324 1410 ‚et

397 1428 577 1511 pmurhsta
598 1430 799 1496 conscientie.

476 1545 514 1607 lli
549 1553 621 1608 suut
645 1547 782 1628 ltcgistri
815 1547 929 1621 nostri,
963 1545 1022 1606 bos
1055 1544 1165 1606 Ilociur
1197 1543 1323 1624 Lipsiae

398 1629 515 1690 iudices
535 1649 637 1691 rerum
666 1649 820 1699 nnmerum
843 1628 973 1710 urgebat
992 1629 1082 1710 eligi,
1119 1627 1235 1706 alioqui
1257 1643 1321 1688 non

393 1711 617 1794 sdiaputoturus,
636 1732 769 1794 qaorum
783 1713 938 1774 inscitiam
961 1721 992 1773 et
1012 1713 1215 1773 temeritatem
1237 1709 1322 1772 baud

395 1795 558 1876 moruus,
601 1815 665 1858 uun
705 1797 817 1857 fiacus
847 1795 1024 1857 cunctabar.
1070 1795 1111 1856 ut
1143 1793 1218 1874 quid
1255 1811 1320 1854 nou

397 1880 517 1959 vincet,
551 1879 624 1958 quid
651 1898 715 1940 ron
744 1881 889 1960 impetret
927 1879 966 1942 ab
994 1878 1085 1939 buius
1117 1877 1234 1938 ferinae
1256 1883 1321 1937 tem

394 1959 507 2042 doctis,
528 1969 591 2036 tem
612 1962 812 2042 prudentibus
833 1961 1025 2039 homiuibus,
1058 1963 1109 2042 qui
1135 1959 1321 2022 damnamus

396 2046 458 2124 pro*
474 2044 641 2125 probemus
661 2048 694 2107 in
716 2064 772 2106 ure
793 2045 924 2125 bobeut,
957 2052 990 2106 et
1008 2044 1094 2106 eliud
1116 2043 1214 2105 nibil?
1256 2043 1321 2104 fied

392 2127 457 2186 iem
477 2127 518 2189 ed
538 2127 657 2208 relique
677 2148 734 2211 per
755 2129 894 2190 ordinem
917 2129 1094 2205 veniemus,
1128 2145 1229 2206 eoquo
1252 2125 1320 2188 bre

397 2209 475 2271 viter
507 2218 652 2273 motem
687 2212 856 2291 emunt,
894 2231 933 2273 ne
966 2211 1068 2273 denuo
1099 2209 1320 2272 Resolutienes
1409 2203 1410 2226 ¹

396 2294 529 2356 scribere
552 2296 592 2357 sit
612 2313 759 2375 necesse,
781 2295 884 2357 donec
905 2315 975 2356 moa
993 2294 1230 2356 conumvcrint

436 2429 679 2497 interimentum
692 2417 984 2494 condemnationem
999 2449 1063 2496 nou
1076 2429 1159 2497 aliud
1169 2429 1317 2509 habituri,

396 2531 487 2594 quem
508 2513 537 2573 si
559 2512 650 2575 uobis
672 2513 756 2578 ebrie
783 2515 893 2578 mulier
915 2513 1134 2578 maledixisset
1177 2511 1269 2590 Quod
1292 2514 1318 2574 ei

396 2596 488 2665 etiem
514 2595 545 2658 ri
566 2604 598 2657 et
619 2596 812 2662 multitudine
835 2597 1077 2678 praevaluerint,
1111 2615 1161 2664 me
1182 2597 1318 2676 vivente,

396 2695 487 2758 quem
514 2680 596 2743 rium
623 2681 722 2748 solem
744 2682 776 2745 iu
811 2700 860 2747 rue
888 2678 1048 2759 affectent,
1084 2686 1317 2761 postmortem

398 2766 502 2829 umen
525 2768 723 2846 utrorumque
743 2763 900 2846 prohiberi
922 2783 986 2825 non
1006 2763 1136 2844 poterit,
1159 2763 1231 2843 quin
1255 2762 1317 2824 rim

396 2841 602 2915 milifortem
623 2846 706 2912 temo
726 2847 819 2927 ierat,
842 2866 901 2910 nec
921 2845 1015 2911 luisse
1036 2864 1171 2927 umquem
1193 2847 1316 2910 cenric

397 2932 473 2991 tum.
522 2927 646 2993 Interim
681 2929 840 2995 doctrinae
870 2949 958 2994 mese
990 2927 1222 3000 fundamentum
1249 2933 1318 2992 'etat

397 3007 620 3094 firmissimum,
641 3013 758 3076 hebens
780 3014 972 3096 signaculum
993 3013 1069 3081 hoo:
1096 3012 1191 3079 Novit
1210 3011 1316 3080 Domi·
1407 3071 1408 3078 ,

396 3113 464 3173 uus,
482 3095 533 3176 qui
555 3103 587 3161 et
607 3115 687 3176 quse
710 3106 780 3160 sunt
803 3099 879 3162 eius.
922 3096 954 3160 Si
978 3091 1019 3160 ex'
1036 3096 1103 3166 Deo
1126 3103 1183 3176 est,
1205 3095 1316 3162 dissol-

396 3176 511 3245 riuon
533 3186 654 3258 potest,
688 3180 716 3240 si
737 3200 778 3243 ex
808 3180 944 3260 homine,
977 3180 1092 3243 servari
1116 3199 1178 3243 uon
1201 3187 1315 3262 potest.

394 3257 475 3333 Quin
497 3259 529 3320 id
541 3263 632 3342 unice
644 3262 777 3343 gaudeo,
794 3262 932 3325 damnari
946 3262 1070 3324 vivente
1081 3283 1130 3324 me
1141 3271 1203 3324 tem
1218 3281 1317 3346 opere

397 3360 489 3420 quarn
510 3344 605 3409 rerba
625 3364 696 3409 mea
715 3345 756 3413 sb
768 3345 828 3425 his,
851 3346 903 3426 qui
923 3347 964 3426 vi,
987 3365 1049 3408 nun
1062 3348 1184 3414 mtioue
1196 3347 1314 3428 agitau-

393 3430 450 3487 tur.
494 3425 603 3490 Donec
625 3429 706 3493 euim
726 3427 896 3502 redonibus
909 3449 972 3495 non
984 3430 1118 3509 vincunt,
1141 3437 1172 3494 et
1193 3430 1224 3492 vi
1238 3449 1315 3511 pug-

393 3514 484 3590 nant,
513 3512 723 3577 eonscientiae
753 3511 895 3581 fiduciam
926 3533 964 3577 au
988 3521 1041 3575 ent
1069 3513 1185 3593 potius,
1221 3531 1314 3594 quiam

392 3597 521 3672 terrent,
546 3601 580 3658 et
600 3595 674 3657 mihi
695 3614 765 3658 meo
785 3533 1093 3676 probant-robustius
1113 3596 1175 3662 hnc
1196 3595 1225 3659 ri
1248 3615 1314 3676 suu,

392 3693 483 3754 quern
506 3695 565 3756 ego
586 3679 707 3741 ratione
720 3677 851 3762 probavi
865 3699 1007 3760 unquam.
1052 3677 1145 3740 Odiat
1165 3698 1240 3764 ergo
1263 3679 1314 3745 rel

390 3764 484 3839 ornet,
507 3760 559 3839 qui
581 3760 674 3838 volet,
689 3762 827 3825 cbristus
850 3783 935 3826 meus
957 3764 1042 3847 vivit,
1063 3767 1096 3827 et
1116 3781 1175 3846 ego
1198 3763 1312 3844 rivum,

393 3838 494 3902 donec
516 3843 562 3902 vis
585 3843 712 3908 indocto
733 3853 765 3909 et
784 3847 883 3912 inscia
905 3866 1024 3912 mecum
1047 3854 1172 3930 pugnat.
1193 3845 1313 3913 Scitum

389 3929 439 3994 est
459 3923 534 3992 illud
548 3925 779 4009 ‚chrysostomi
801 3929 931 3992 Armate
953 3949 987 3992 se
1007 3929 1190 4002 Pharisaeos
1212 3931 1312 3993 multi·
1404 3933 1405 3936 ’

390 4005 511 4088 ludius,
540 4009 664 4095 quondo
686 4031 721 4079 se
742 4011 842 4086 uudoo
864 4031 934 4080 esse
955 4015 1083 4086 veritate
1110 4011 1312 4102 profitentur,

1403 4109 1405 4126 l

1404 4133 1405 4144 r

1404 4229 1405 4244 l
