3159 4792
347 510 410 578 296
682 510 763 579 Bulla
780 508 883 561 Leonis
902 508 934 561 X.

430 696 607 759 inhibemus
639 703 800 777 praeterea
837 693 892 754 sub
916 692 1057 753 omnibus
1081 694 1112 753 et
1144 689 1272 771 singulis

347 782 528 864 praemissis
550 782 670 861 poeuis,
694 799 731 840 eo
754 780 823 859 ipso
846 774 1053 851 incurrendis,
1077 775 1220 835 omnibus
1242 781 1275 833 et

349 865 477 946 singulis
518 862 771 937 christifidelibus
829 860 968 941 superius
1011 859 1193 933 nominatis,
1235 876 1274 917 ue

252 950 260 957 '
349 950 462 1029 scripta
493 948 583 1006 etiam
603 952 635 1015 a)
658 948 814 1026 praefatos
838 962 957 1005 errores
987 962 1050 1003 non
1072 942 1274 1019 continentia,

348 1030 387 1093 ab
410 1029 520 1091 eodem
543 1030 674 1091 Martino
704 1026 940 1107 quomodolibet
960 1025 1086 1088 condita
1108 1027 1158 1087 vel
1181 1026 1274 1102 edita,

348 1118 402 1175 aut
422 1112 586 1173 condenda
607 1113 656 1173 vel
678 1112 819 1187 edenda,
848 1130 902 1170 seu
925 1129 1030 1171 eorum
1052 1108 1171 1189 aliqua,
1203 1116 1269 1179 tan·

349 1216 439 1277 quam
462 1195 501 1256 ab
528 1196 654 1257 homine
691 1194 885 1269 orthodoxae
909 1190 979 1253 fidei
1002 1192 1145 1267 inimico,
1180 1200 1275 1272 atque

349 1279 419 1342 ideo
443 1278 640 1338 vehementer
663 1284 823 1358 suspecta,
861 1285 892 1337 et
923 1283 957 1337 ut
978 1278 1043 1337 eius
1066 1278 1218 1337 memoria
1235 1273 1271 1357 b)

351 1362 477 1422 omniuo
492 1360 631 1421 deleatur
654 1361 692 1421 de
706 1358 953 1422 christifidelium
969 1361 1135 1437 consortio,
1158 1357 1274 1441 legere,

349 1463 506 1521 asserere,
527 1442 718 1523 praedicare,
740 1443 876 1515 laudare,
898 1443 1083 1522 imprimere,
1105 1442 1274 1523 publicare,

349 1528 415 1587 sive
444 1526 624 1602 defendere,
659 1542 713 1606 per
743 1548 796 1603 se,
834 1526 883 1585 vel
912 1526 1005 1587 alium
1027 1544 1081 1585 seu
1104 1526 1201 1601 alios,
1234 1526 1274 1586 di-

348 1618 432 1671 recte
448 1610 480 1689 c)
504 1609 553 1669 vel
576 1609 740 1686 indirecte,
770 1612 862 1669 tacite
884 1608 934 1670 vel
957 1626 1122 1687 expresse,
1150 1609 1275 1688 publice

349 1693 399 1753 vel
420 1691 551 1769 occulte,
574 1713 629 1753 seu
651 1696 680 1753 in
694 1692 836 1753 domibus
859 1693 931 1766 auis,
955 1694 1021 1751 sive
1044 1691 1111 1751 aliis
1134 1692 1213 1752 loeis
1227 1690 1275 1774 d),

350 1774 477 1855 publicis
509 1776 558 1835 vel
586 1778 722 1855 privatis,
745 1782 860 1846 tenere,
887 1793 1012 1855 quoquo
1034 1774 1129 1836 modo
1151 1794 1275 1853 praesu·

351 1868 446 1932 mant,
468 1859 604 1937 quinimo
627 1859 681 1919 illa
706 1858 897 1935 comburant,
920 1865 953 1917 ut
974 1858 1152 1937 praefertur.

391 1947 423 2012 a)
446 1940 548 2001 Etiam
571 1961 647 2001 sana
668 1942 791 2001 Lutheri
821 1942 934 2021 scripta
956 1939 1108 2001 damnas?
1144 1947 1176 2001 et
1206 1961 1275 2001 eum

377 2024 514 2083 ,zizaniis
543 2044 604 2082 una
641 2026 787 2103 optimam
818 2018 910 2085 etiain
939 2032 1075 2103 segetem
1104 2024 1215 2085 evellis
1246 2031 1277 2085 et

390 2104 565 2167 comburis?
601 2106 659 2167 Vel
691 2107 751 2167 hoc
780 2105 893 2166 videris
923 2108 1016 2186 impie
1039 2126 1142 2187 agere
1172 2125 1210 2166 ao
1233 2108 1274 2167 tui

391 2188 541 2250 oblivisci.

390 2270 426 2350 b)
451 2271 630 2332 Memoriam
648 2271 733 2355 dales
756 2272 832 2350 eius,
855 2290 946 2350 quem
968 2272 1144 2353 ingratiam
1168 2271 1275 2349 mode,

390 2355 415 2413 si
437 2356 646 2434 resipisceret,
668 2354 853 2433 accipiebas.
896 2354 950 2413 His
972 2354 1107 2415 moribus
1129 2354 1275 2415 intolera-

388 2436 481 2496 bilem
507 2445 537 2497 te
559 2439 644 2512 facis,
667 2446 697 2496 et
719 2448 752 2495 ut
774 2438 934 2499 destruant
956 2443 986 2497 te
1007 2437 1081 2497 boni
1104 2456 1224 2498 omnes.

388 2531 422 2585 o)
448 2519 490 2577 At
511 2540 566 2597 per
583 2520 749 2597 caucellos,
772 2520 822 2579 dic
846 2520 928 2597 mihi,
951 2519 1099 2601 numquid
1121 2522 1275 2599 inspicere

387 2600 511 2660 licebit?
546 2602 587 2661 Et
608 2622 663 2662 vos
683 2604 796 2679 miror,
829 2603 901 2683 quid
923 2604 954 2662 in
977 2610 1073 2678 tanto
1088 2604 1151 2664 otio
1174 2603 1274 2663 facitis

387 2682 516 2761 Romae,
540 2703 600 2763 quo
624 2685 723 2745 minus
747 2686 841 2745 latine
862 2686 947 2766 loqui
970 2685 1095 2747 discatis
1111 2686 1152 2759 ¹).
1189 2685 1273 2747 Talis

388 2774 435 2823 est
458 2766 625 2828 barbaries.
837 2769 841 2772 ’
978 2836 979 2839 Ἴ

389 2846 427 2928 d)
451 2848 550 2909 Etiam
574 2870 637 2909 uon
659 2838 697 2909 in‘
713 2850 851 2930 cryptis?
866 2850 900 2933 ²)

432 2930 593 2992 Mouemus
607 2939 641 3008 a)
665 2935 790 3011 insuper
814 2952 920 2994 omnes
943 2939 973 2993 et
996 2933 1133 3014 singulos
1149 2933 1274 2995 Christi-

346 3011 460 3073 fideles
488 3015 682 3095 supradictos
709 3016 765 3077 sub
801 3015 910 3077 eadem
943 3017 1274 3077 excommunicationis

345 3095 427 3155 latae
462 3100 633 3159 sententiae
666 3118 784 3178 poena,
824 3106 857 3160 ut
892 3097 1066 3161 haereticos
1096 3098 1273 3178 praedictos

346 3176 519 3241 declaratos
544 3188 575 3241 et
605 3182 847 3259 condemnatos,
882 3182 1033 3245 mandatis
1068 3183 1181 3243 nostris
1208 3202 1271 3243 non

347 3260 613 3339 obtemperantes,
638 3272 709 3344 post
730 3266 852 3345 lapsum
877 3266 996 3326 termini
1020 3264 1185 3344 supradicti
1209 3266 1271 3325 evi-

345 3349 411 3402 tent
422 3350 476 3421 b),
499 3353 539 3423 et,
562 3357 707 3425 quantum
730 3350 761 3408 in
784 3352 829 3410 eis
853 3355 915 3423 est,
938 3348 1044 3411 evitari
1067 3347 1191 3425 iaciant,
1213 3367 1274 3409 nec

345 3444 413 3484 cum
449 3428 565 3489 eisdem
597 3430 645 3490 vel
677 3451 781 3491 eorum
824 3431 928 3507 aliquo
968 3429 1187 3491 commercium
1219 3438 1273 3491 aut

344 3508 476 3588 aliquam
494 3513 771 3591 conversationem,
795 3534 848 3573 seu
862 3515 1122 3573 communionem,
1135 3512 1273 3574 habeant

345 3610 403 3650 neo
423 3594 467 3652 eis
491 3597 666 3654 necessaria
682 3596 710 3675 c)
729 3597 913 3658 ministrent.

386 3680 420 3740 al
447 3675 526 3736 Audi
556 3677 648 3737 alium
683 3677 794 3739 leonis
826 3680 977 3759 rugitum,
1015 3695 1075 3756 quo
1105 3677 1185 3737 dea
1216 3676 1271 3739 So·

385 3757 501 3833 phonia
530 3768 600 3820 vate
622 3763 824 3842 perscriptum
853 3768 900 3821 est
929 3762 1017 3821 olim:
1051 3760 1210 3839 Principes
1238 3761 1271 3821 iu'

346 3880 764 3894 ———·-—--—--.-.—-

417 3938 445 3994 1»
465 3938 495 3989 Iu
512 3939 554 3993 ed.
566 3940 691 3995 lidron:
712 3941 812 3995 diseas.
850 3942 879 4000 2t
901 3942 931 3993 ln
946 3941 1010 3995 edit.
1030 3938 1157 3996 lebensi:
1176 3940 1270 3996 Etiam

343 4020 400 4057 non
420 4009 522 4075 criptis.
