3159 4792
346 501 412 572 Ἡ)
684 501 827 556 Tmolum
846 495 956 552 buoni
974 529 978 539 ·

350 699 413 770 est,
443 710 530 770 »quae
551 709 607 771 per
628 709 726 771 opere
746 690 866 770 impleri
888 696 1054 768 praecepta
1073 687 1275 761 dompnum

350 781 423 839 ante
447 776 552 836 omnia
574 792 670 853 opera
698 779 842 852 oporteat
863 780 1027 852 praecepta
1041 787 1118 832 ,eras
1139 769 1278 848 impleta,

351 866 383 923 et
404 856 626 945 plenitudinem
649 866 817 937 sequantur
840 874 944 935 opera,
966 856 1045 915 sicut
1065 854 1236 914 audiemus.

434 958 476 1018 Ut
496 963 599 1018 autem
621 957 703 1016 banc
716 958 855 1037 gratiam,
878 970 969 1033 quam
989 956 1021 1014 in
1039 954 1159 1015 Christo
1186 952 1279 1013 habet

350 1041 478 1100 interior
502 1039 555 1101 ille
569 1040 788 1115 bomonoster‚
814 1038 1084 1111 latiusvideamns,
1108 1036 1278 1112 sciendum,
1388 1101 1389 1106 ἵ

352 1122 436 1202 quod
459 1123 543 1183 Deus
575 1125 604 1183 in
628 1125 724 1182 veteri
744 1123 945 1182 Testamentc
980 1121 1037 1181 sibi
1066 1119 1280 1180 sanctificabat
1389 1193 1390 1196 Ἴ

353 1223 446 1265 omne
470 1207 708 1286 primogenitum
732 1205 952 1264 masculinum:
978 1204 1278 1282 eratqueprimoge-

352 1291 453 1348 nitore
475 1289 577 1368 magni
598 1289 696 1368 pretii,
722 1287 835 1366 duplici
859 1287 977 1348 bonore
991 1304 1065 1366 prae
1080 1287 1190 1346 ceteris
1214 1284 1278 1364 pol-

353 1372 429 1445 lens,
453 1371 628 1431 sacerdotio
652 1379 684 1430 et
697 1388 806 1450 reguo.
848 1369 923 1430 Erat
945 1372 1024 1431 eninr
1048 1369 1141 1430 irater
1162 1369 1279 1448 primo·

351 1455 472 1534 genitus
494 1453 639 1514 sacerdos
661 1460 693 1513 et
714 1453 856 1513 dominus
880 1455 1015 1512 omnium
1039 1452 1181 1512 aliorum.

393 1552 462 1629 Quia
475 1552 572 1634 figura
586 1553 723 1614 Christus
738 1557 1000 1632 praemonstratus
1018 1560 1074 1632 est,
1089 1571 1173 1626 vere,
1189 1553 1281 1613 unice

353 1637 573 1717 primogenitus
584 1635 642 1696 Dei
653 1636 750 1696 Petris
764 1641 796 1696 et
804 1635 929 1716 virginis
939 1635 1063 1715 Mariae,
1076 1649 1209 1715 vereque
1224 1657 1280 1696 rex

353 1727 384 1779 et
405 1719 562 1796 sacerdos,
583 1735 647 1779 non
670 1719 837 1779 seeundum
861 1737 983 1779 carnem
1008 1727 1038 1779 et
1056 1725 1178 1780 terrem.
1198 1719 1279 1800 Reg-

354 1821 425 1862 num
449 1803 530 1861 enim
560 1802 625 1860 eins
648 1821 711 1862 non
735 1809 782 1862 est
811 1801 849 1860 de
871 1801 931 1862 hoo
954 1802 1084 1863 mundo:
1115 1804 1146 1860 in
1179 1803 1280 1862 eoele-

355 1884 451 1945 stibus
473 1891 505 1944 et
526 1884 732 1963 spiritualibus
744 1886 812 1964 ipse
827 1891 937 1962 regnat
959 1895 989 1944 et
1007 1893 1176 1957 consecrat,
1200 1903 1280 1963 qnae

356 1973 428 2027 sunt
448 1967 572 2043 iustitia,
595 1969 718 2040 veritas,
742 1969 903 2045 sapientia,
927 1987 999 2048 pax,
1020 1968 1101 2026 salus
1126 1975 1181 2026 etc
1207 1967 1278 2027 Non

357 2047 441 2127 qnod
470 2068 534 2109 non
557 2051 661 2109 omnia
690 2051 783 2109 etiam
806 2055 928 2108 terrena
951 2057 982 2109 et
1002 2050 1120 2110 inferna.
1142 2049 1281 2109 subiecta

357 2133 420 2191 sint
441 2133 469 2190 ei
494 2130 627 2209 (alioqui
650 2131 807 2211 quomodo
838 2138 945 2211 posset
972 2151 1028 2192 nos
1059 2131 1097 2192 ab
1119 2131 1178 2192 illis
1202 2133 1280 2191 tami

352 2221 385 2275 st
409 2215 561 2292 salvare),
584 2214 638 2274 sed
661 2215 743 2294 quod
759 2235 820 2273 non
836 2215 929 2292 injiis,
950 2234 1009 2275 nec
1031 2235 1069 2274 ex
1091 2217 1127 2274 iis
1149 2234 1278 2295 regnum

354 2300 419 2357 eius
442 2298 573 2358 constet.

415 2398 483 2458 ,lta
508 2416 567 2458 nec
598 2395 803 2457 sacerdotium
835 2397 898 2456 eius
931 2399 1072 2458 consistit
1092 2399 1123 2457 in
1147 2399 1279 2457 vestium

356 2489 559 2560 gestuumque
588 2499 704 2560 pompa
732 2484 876 2558 externa,
913 2479 1004 2560 quale
1031 2480 1087 2540 fuit
1112 2480 1280 2540 humanum

356 2562 431 2621 illud
455 2563 588 2621 Aesonis
610 2569 641 2621 et
663 2569 800 2622 nostrum
817 2562 910 2622 hodie
926 2563 1167 2624 ecclesiasticum
1180 2581 1280 2622 sacer-

355 2644 487 2722 dotium,
511 2644 564 2703 sed
586 2645 617 2703 in
639 2645 863 2723 spiritualibus,
886 2665 941 2726 per
964 2648 1092 2724 quaein
1118 2647 1214 2705 coelis
1236 2647 1279 2704 in-

355 2727 465 2786 visibili
488 2725 591 2787 cilicio
614 2746 670 2806 pro
694 2727 782 2787 nobis
806 2728 981 2808 interpellat
1002 2729 1082 2808 apud
1096 2726 1204 2806 Deum,
1227 2728 1281 2788 ibi·

355 2827 415 2886 que
436 2829 471 2869 se
492 2811 591 2890 ipsum
616 2809 706 2869 offert
727 2818 757 2869 et
787 2812 891 2870 omnia
923 2812 1012 2886 lacit,
1036 2829 1115 2890 qnae
1137 2811 1280 2872 sacerdo·

357 2898 417 2951 tem
442 2893 544 2952 iecere
567 2898 705 2972 oportet3
728 2895 807 2953 sicut
839 2901 907 2953 eum
931 2893 1075 2954 describit
1096 2894 1207 2954 Paulus
1242 2893 1282 2954 ad

356 2974 495 3036 ldbraeos
526 2995 565 3034 ex
596 2974 695 3056 ligura
727 2976 946 3040 Melchisedek.
990 2975 1056 3039 Nec
1089 2978 1188 3038 solum
1224 2996 1281 3057 pro

354 3059 443 3118 nobis
467 3065 535 3119 orat
557 3066 588 3118 et
609 3059 795 3138 interpellat,
819 3059 873 3120 sed
896 3065 927 3119 et
946 3061 1026 3119 intus
1043 3061 1074 3118 in
1096 3061 1203 3140 spiritu
1222 3079 1281 3120 uos

355 3140 462 3216 docet,
485 3143 561 3200 vivis
584 3140 731 3201 doctrinis
753 3144 877 3221 spiritus
900 3145 956 3203 sui.
1000 3142 1087 3217 Quae
1118 3141 1178 3202 duo
1210 3147 1283 3202 sunt

354 3225 478 3303 proprie
501 3223 602 3284 olllcia
625 3224 804 3301 sacerdotis,
828 3223 908 3303 quod
931 3226 960 3284 in
984 3224 1156 3285 carnalibus
1180 3244 1282 3285 sacer-

356 3305 480 3370 dotibus
498 3306 654 3386 figuratur,
676 3307 818 3386 precibus
832 3316 863 3367 et
874 3309 1074 3369 concionibus
1098 3307 1280 3369 visibilibus.

438 3409 705 3485 Quemadmodum
735 3418 837 3474 autem
871 3411 1008 3473 Christus
1038 3415 1283 3494 primogenitura

354 3513 411 3554 sua
435 3494 489 3554 hes
523 3494 599 3554 duas
623 3494 787 3574 dignitates
821 3495 966 3570 obtinuit,
1001 3497 1043 3556 ita
1081 3497 1217 3576 impartit
1252 3503 1283 3557 et

353 3595 532 3637 communes
556 3578 679 3637 easdem
694 3578 767 3638 facit
789 3578 914 3639 cuilibet
936 3597 992 3640 suo
1016 3578 1108 3656 fideli,
1126 3581 1282 3640 matrimo-

354 3661 395 3718 nii
417 3659 565 3740 praedicti
588 3661 673 3737 iure,
709 3680 769 3739 quo
798 3680 933 3742 sponsae
955 3671 1041 3740 sunt,
1078 3681 1282 3742 quaecunque

353 3744 460 3821 sponsi
486 3751 563 3804 sunt.
600 3741 687 3802 *Hinc
709 3764 817 3804 omnes
843 3746 873 3804 in
899 3745 1019 3806 Christo
1054 3765 1159 3806 sumus
1181 3763 1283 3806 sacer·
1343 3785 1346 3791 -

353 3824 441 3884 dotes
464 3834 496 3885 et
515 3845 615 3906 reges,
637 3825 810 3907 quicunque
823 3829 852 3886 in
864 3827 1016 3888 Christum
1040 3827 1204 3908 eredimus,
1225 3829 1282 3890 sic

353 3913 386 3965 ut
417 3913 442 3969 1.
465 3906 529 3968 Pet.
557 3912 586 3973 2.
617 3908 702 3972 dicit:
736 3911 802 3970 Vos
836 3930 934 3992 genus
964 3911 1112 3988 electum,
1148 3911 1281 3993 populus

232 4037 240 4042 .
352 3990 573 4069 acquisitionis,
595 3992 800 4053 sacerdotium
819 3993 968 4076 regaleet
989 4013 1117 4100 regnum
1139 3994 1283 4058 sacerdo·
