<?xml version="1.0" encoding="UTF-8"?>
<!DOCTYPE html PUBLIC "-//W3C//DTD XHTML 1.0 Transitional//EN"
    "http://www.w3.org/TR/xhtml1/DTD/xhtml1-transitional.dtd">
<html xmlns="http://www.w3.org/1999/xhtml" xml:lang="en" lang="en">
 <head>
  <title>
</title>
<meta http-equiv="Content-Type" content="text/html;charset=utf-8" />
  <meta name='ocr-system' content='tesseract 3.04.00' />
  <meta name='ocr-capabilities' content='ocr_page ocr_carea ocr_par ocr_line ocrx_word'/>
</head>
<body>
  <div class='ocr_page' id='page_1' title='image "./operalatinavari04schmgoog_0385.png"; bbox 0 0 3159 4792; ppageno 0'>
   <div class='ocr_carea' id='block_1_1' title="bbox 594 430 1229 568">
    <p class='ocr_par' dir='ltr' id='par_1_1' title="bbox 594 430 1229 568">
     <span class='ocr_line' id='line_1_1' title="bbox 594 430 1229 568; baseline -0.005 -17"><span class='ocrx_word' id='word_1_1' title='bbox 594 496 629 554; x_wconf 74' lang='lat' dir='ltr'>ds</span> <span class='ocrx_word' id='word_1_2' title='bbox 646 495 781 553; x_wconf 63' lang='lat' dir='ltr'>salense</span> <span class='ocrx_word' id='word_1_3' title='bbox 800 430 947 568; x_wconf 78' lang='lat' dir='ltr'>potsstste.</span> <span class='ocrx_word' id='word_1_4' title='bbox 1167 490 1229 559; x_wconf 82' lang='grc'><strong>377</strong></span> 
     </span>
    </p>
   </div>
   <div class='ocr_carea' id='block_1_2' title="bbox 282 685 1274 1767">
    <p class='ocr_par' dir='ltr' id='par_1_2' title="bbox 313 685 1233 935">
     <span class='ocr_line' id='line_1_2' title="bbox 353 685 1233 769; baseline -0.003 -16"><span class='ocrx_word' id='word_1_5' title='bbox 353 688 405 753; x_wconf 81' lang='grc'>35.</span> <span class='ocrx_word' id='word_1_6' title='bbox 434 686 586 750; x_wconf 75' lang='lat' dir='ltr'>Consedit</span> <span class='ocrx_word' id='word_1_7' title='bbox 616 689 743 769; x_wconf 78' lang='lat' dir='ltr'>iusuper</span> <span class='ocrx_word' id='word_1_8' title='bbox 775 685 986 767; x_wconf 79' lang='lat' dir='ltr'>(necessario)</span> <span class='ocrx_word' id='word_1_9' title='bbox 1016 703 1075 749; x_wconf 81' lang='lat' dir='ltr'>nes</span> <span class='ocrx_word' id='word_1_10' title='bbox 1104 704 1233 769; x_wconf 88' lang='lat' dir='ltr'>corpore</span> 
     </span>
     <span class='ocr_line' id='line_1_3' title="bbox 314 770 1233 853; baseline 0.002 -21"><span class='ocrx_word' id='word_1_11' title='bbox 314 771 524 852; x_wconf 83' lang='lat' dir='ltr'>puniendum,</span> <span class='ocrx_word' id='word_1_12' title='bbox 554 790 613 833; x_wconf 90' lang='lat' dir='ltr'>neo</span> <span class='ocrx_word' id='word_1_13' title='bbox 633 770 885 833; x_wconf 73' lang='lat' dir='ltr'><strong>immorandum</strong></span> <span class='ocrx_word' id='word_1_14' title='bbox 908 790 990 849; x_wconf 84' lang='lat' dir='ltr'>esse,</span> <span class='ocrx_word' id='word_1_15' title='bbox 1013 771 1067 831; x_wconf 90' lang='lat' dir='ltr'>sed</span> <span class='ocrx_word' id='word_1_16' title='bbox 1089 772 1233 853; x_wconf 83' lang='lat' dir='ltr'>sdernpto</span> 
     </span>
     <span class='ocr_line' id='line_1_4' title="bbox 313 853 1039 935; baseline -0.001 -20"><span class='ocrx_word' id='word_1_17' title='bbox 313 855 413 915; x_wconf 89' lang='lat' dir='ltr'>solum</span> <span class='ocrx_word' id='word_1_18' title='bbox 437 854 541 917; x_wconf 84' lang='lat' dir='ltr'>officio</span> <span class='ocrx_word' id='word_1_19' title='bbox 563 856 625 917; x_wconf 91' lang='lat' dir='ltr'>suis</span> <span class='ocrx_word' id='word_1_20' title='bbox 647 853 737 915; x_wconf 87' lang='lat' dir='ltr'>rebus</span> <span class='ocrx_word' id='word_1_21' title='bbox 759 854 855 915; x_wconf 89' lang='lat' dir='ltr'>libere</span> <span class='ocrx_word' id='word_1_22' title='bbox 876 856 1039 935; x_wconf 87' lang='lat' dir='ltr'>possenti.</span> 
     </span>
    </p>

    <p class='ocr_par' dir='ltr' id='par_1_3' title="bbox 354 936 1274 1020">
     <span class='ocr_line' id='line_1_5' title="bbox 354 936 1274 1020; baseline -0.004 -17"><span class='ocrx_word' id='word_1_23' title='bbox 354 941 405 1003; x_wconf 91' lang='grc'>36.</span> <span class='ocrx_word' id='word_1_24' title='bbox 435 936 537 1013; x_wconf 77' lang='lat' dir='ltr'>Quare</span> <span class='ocrx_word' id='word_1_25' title='bbox 565 957 624 999; x_wconf 89' lang='lat' dir='ltr'>nec</span> <span class='ocrx_word' id='word_1_26' title='bbox 650 937 828 998; x_wconf 81' lang='lat' dir='ltr'>scandulum</span> <span class='ocrx_word' id='word_1_27' title='bbox 851 946 904 999; x_wconf 85' lang='lat' dir='ltr'>out</span> <span class='ocrx_word' id='word_1_28' title='bbox 925 938 1141 1020; x_wconf 77' lang='lat' dir='ltr'>turpitudinem</span> <span class='ocrx_word' id='word_1_29' title='bbox 1165 958 1234 1000; x_wconf 89' lang='lat' dir='ltr'>esse</span> <span class='ocrx_word' id='word_1_30' title='bbox 1268 960 1274 973; x_wconf 84' lang='lat'><strong>·</strong></span> 
     </span>
    </p>

    <p class='ocr_par' dir='ltr' id='par_1_4' title="bbox 282 1020 1238 1516">
     <span class='ocr_line' id='line_1_6' title="bbox 313 1020 950 1098; baseline 0.003 -18"><span class='ocrx_word' id='word_1_31' title='bbox 313 1023 479 1098; x_wconf 67' lang='lat' dir='ltr'>censetsi</span> <span class='ocrx_word' id='word_1_32' title='bbox 502 1021 648 1082; x_wconf 76' lang='lat' dir='ltr'><strong>sacerdos</strong></span> <span class='ocrx_word' id='word_1_33' title='bbox 670 1020 791 1081; x_wconf 83' lang='lat' dir='ltr'>duxerit</span> <span class='ocrx_word' id='word_1_34' title='bbox 812 1041 950 1083; x_wconf 87' lang='lat' dir='ltr'>uxorem.</span> 
     </span>
     <span class='ocr_line' id='line_1_7' title="bbox 282 1102 1235 1186; baseline 0.002 -23"><span class='ocrx_word' id='word_1_35' title='bbox 282 1148 291 1163; x_wconf 92' lang='lat'><strong>.</strong></span> <span class='ocrx_word' id='word_1_36' title='bbox 356 1107 407 1168; x_wconf 83' lang='lat'>37.</span> <span class='ocrx_word' id='word_1_37' title='bbox 430 1102 490 1179; x_wconf 79' lang='lat' dir='ltr'>Qui</span> <span class='ocrx_word' id='word_1_38' title='bbox 510 1106 602 1186; x_wconf 85' lang='lat' dir='ltr'>igitur</span> <span class='ocrx_word' id='word_1_39' title='bbox 624 1103 703 1165; x_wconf 84' lang='lat' dir='ltr'>ultro</span> <span class='ocrx_word' id='word_1_40' title='bbox 724 1106 960 1184; x_wconf 74' lang='lat' dir='ltr'>suspensionem</span> <span class='ocrx_word' id='word_1_41' title='bbox 984 1105 1022 1166; x_wconf 89' lang='lat' dir='ltr'>sb</span> <span class='ocrx_word' id='word_1_42' title='bbox 1045 1104 1148 1167; x_wconf 84' lang='lat' dir='ltr'>officio</span> <span class='ocrx_word' id='word_1_43' title='bbox 1184 1102 1235 1165; x_wconf 85' lang='lat' dir='ltr'>od-</span> 
     </span>
     <span class='ocr_line' id='line_1_8' title="bbox 315 1187 1236 1269; baseline 0 -22"><span class='ocrx_word' id='word_1_44' title='bbox 315 1187 391 1248; x_wconf 91' lang='lat' dir='ltr'>dunt</span> <span class='ocrx_word' id='word_1_45' title='bbox 412 1207 545 1267; x_wconf 86' lang='lat' dir='ltr'>poenum</span> <span class='ocrx_word' id='word_1_46' title='bbox 567 1188 720 1266; x_wconf 76' lang='lat' dir='ltr'>haeresis,</span> <span class='ocrx_word' id='word_1_47' title='bbox 742 1189 867 1265; x_wconf 83' lang='lat' dir='ltr'>mortis,</span> <span class='ocrx_word' id='word_1_48' title='bbox 890 1189 1011 1249; x_wconf 84' lang='lat' dir='ltr'>unimus</span> <span class='ocrx_word' id='word_1_49' title='bbox 1035 1195 1066 1249; x_wconf 91' lang='lat' dir='ltr'>et</span> <span class='ocrx_word' id='word_1_50' title='bbox 1087 1190 1236 1269; x_wconf 84' lang='lat' dir='ltr'>corporis,</span> 
     </span>
     <span class='ocr_line' id='line_1_9' title="bbox 316 1270 1237 1351; baseline 0.002 -22"><span class='ocrx_word' id='word_1_51' title='bbox 316 1270 428 1331; x_wconf 88' lang='lat' dir='ltr'>dehinc</span> <span class='ocrx_word' id='word_1_52' title='bbox 449 1271 581 1350; x_wconf 91' lang='lat' dir='ltr'>spolium</span> <span class='ocrx_word' id='word_1_53' title='bbox 603 1289 703 1331; x_wconf 83' lang='lat' dir='ltr'>rerum</span> <span class='ocrx_word' id='word_1_54' title='bbox 727 1271 889 1348; x_wconf 77' lang='lat' dir='ltr'>etiamne,</span> <span class='ocrx_word' id='word_1_55' title='bbox 911 1270 941 1330; x_wconf 92' lang='lat' dir='ltr'>hi</span> <span class='ocrx_word' id='word_1_56' title='bbox 966 1274 1037 1332; x_wconf 89' lang='lat' dir='ltr'>sunt</span> <span class='ocrx_word' id='word_1_57' title='bbox 1058 1271 1172 1351; x_wconf 81' lang='lat' dir='ltr'>publici</span> <span class='ocrx_word' id='word_1_58' title='bbox 1194 1272 1237 1332; x_wconf 84' lang='lat' dir='ltr'>ls-</span> 
     </span>
     <span class='ocr_line' id='line_1_10' title="bbox 316 1352 1238 1435; baseline 0 -20"><span class='ocrx_word' id='word_1_59' title='bbox 316 1362 432 1431; x_wconf 78' lang='lat' dir='ltr'>troues,</span> <span class='ocrx_word' id='word_1_60' title='bbox 453 1355 546 1426; x_wconf 77' lang='lat' dir='ltr'>fures,</span> <span class='ocrx_word' id='word_1_61' title='bbox 567 1352 752 1429; x_wconf 74' lang='lat' dir='ltr'>homicidae,</span> <span class='ocrx_word' id='word_1_62' title='bbox 767 1353 957 1433; x_wconf 74' lang='lat' dir='ltr'>proditores,</span> <span class='ocrx_word' id='word_1_63' title='bbox 968 1354 1092 1431; x_wconf 72' lang='lat' dir='ltr'>loiselii,</span> <span class='ocrx_word' id='word_1_64' title='bbox 1107 1356 1238 1435; x_wconf 79' lang='lat' dir='ltr'>tyranni,</span> 
     </span>
     <span class='ocr_line' id='line_1_11' title="bbox 318 1436 1174 1516; baseline 0.002 -19"><span class='ocrx_word' id='word_1_65' title='bbox 318 1438 412 1497; x_wconf 84' lang='lat' dir='ltr'>etium</span> <span class='ocrx_word' id='word_1_66' title='bbox 435 1436 603 1497; x_wconf 88' lang='lat' dir='ltr'>secundum</span> <span class='ocrx_word' id='word_1_67' title='bbox 627 1438 693 1497; x_wconf 83' lang='lat' dir='ltr'>iuro</span> <span class='ocrx_word' id='word_1_68' title='bbox 714 1436 827 1516; x_wconf 74' lang='lat' dir='ltr'>Papae,</span> <span class='ocrx_word' id='word_1_69' title='bbox 851 1446 883 1511; x_wconf 85' lang='lat' dir='ltr'>et</span> <span class='ocrx_word' id='word_1_70' title='bbox 903 1439 933 1497; x_wconf 92' lang='lat' dir='ltr'>iu</span> <span class='ocrx_word' id='word_1_71' title='bbox 957 1456 1011 1497; x_wconf 84' lang='lat' dir='ltr'>suu</span> <span class='ocrx_word' id='word_1_72' title='bbox 1035 1438 1174 1506; x_wconf 82' lang='lat' dir='ltr'>ecclesio.</span> 
     </span>
    </p>

    <p class='ocr_par' dir='ltr' id='par_1_5' title="bbox 316 1519 1239 1767">
     <span class='ocr_line' id='line_1_12' title="bbox 360 1519 1239 1600; baseline -0.005 -15"><span class='ocrx_word' id='word_1_73' title='bbox 360 1522 411 1585; x_wconf 83' lang='lat'>38.</span> <span class='ocrx_word' id='word_1_74' title='bbox 434 1520 484 1583; x_wconf 69' lang='lat' dir='ltr'>Ex</span> <span class='ocrx_word' id='word_1_75' title='bbox 501 1520 551 1581; x_wconf 83' lang='lat' dir='ltr'>his</span> <span class='ocrx_word' id='word_1_76' title='bbox 572 1526 677 1600; x_wconf 90' lang='lat' dir='ltr'>potest</span> <span class='ocrx_word' id='word_1_77' title='bbox 692 1519 833 1600; x_wconf 82' lang='lat' dir='ltr'>intelligi,</span> <span class='ocrx_word' id='word_1_78' title='bbox 856 1520 927 1598; x_wconf 87' lang='lat' dir='ltr'>quid</span> <span class='ocrx_word' id='word_1_79' title='bbox 941 1540 981 1581; x_wconf 85' lang='lat' dir='ltr'>ex</span> <span class='ocrx_word' id='word_1_80' title='bbox 992 1520 1239 1600; x_wconf 83' lang='lat' dir='ltr'>ecclesisPopoe</span> 
     </span>
     <span class='ocr_line' id='line_1_13' title="bbox 319 1602 1238 1684; baseline 0.001 -21"><span class='ocrx_word' id='word_1_81' title='bbox 319 1603 443 1663; x_wconf 82' lang='lat' dir='ltr'>leudem</span> <span class='ocrx_word' id='word_1_82' title='bbox 466 1604 579 1665; x_wconf 85' lang='lat' dir='ltr'>fuctum</span> <span class='ocrx_word' id='word_1_83' title='bbox 601 1605 657 1679; x_wconf 82' lang='lat' dir='ltr'>sit,</span> <span class='ocrx_word' id='word_1_84' title='bbox 688 1602 721 1663; x_wconf 88' lang='lat' dir='ltr'>in</span> <span class='ocrx_word' id='word_1_85' title='bbox 749 1620 811 1680; x_wconf 83' lang='lat' dir='ltr'>que</span> <span class='ocrx_word' id='word_1_86' title='bbox 831 1602 909 1663; x_wconf 74' lang='lat' dir='ltr'>tales</span> <span class='ocrx_word' id='word_1_87' title='bbox 931 1604 985 1665; x_wconf 84' lang='lat' dir='ltr'>viri</span> <span class='ocrx_word' id='word_1_88' title='bbox 1009 1602 1160 1664; x_wconf 82' lang='lat' dir='ltr'>habentur</span> <span class='ocrx_word' id='word_1_89' title='bbox 1181 1622 1238 1684; x_wconf 88' lang='lat' dir='ltr'>pro</span> 
     </span>
     <span class='ocr_line' id='line_1_14' title="bbox 316 1685 896 1767; baseline -0.003 -20"><span class='ocrx_word' id='word_1_90' title='bbox 316 1688 522 1748; x_wconf 75' lang='lat' dir='ltr'>sanctissimis</span> <span class='ocrx_word' id='word_1_91' title='bbox 543 1694 575 1747; x_wconf 93' lang='lat' dir='ltr'>et</span> <span class='ocrx_word' id='word_1_92' title='bbox 596 1685 842 1767; x_wconf 78' lang='lat' dir='ltr'>sapientissimis.</span> <span class='ocrx_word' id='word_1_93' title='bbox 887 1746 896 1765; x_wconf 46' lang='grc' dir='ltr'><em>Ι</em></span> 
     </span>
    </p>
   </div>
   <div class='ocr_carea' id='block_1_3' title="bbox 503 1880 1059 2007">
    <p class='ocr_par' dir='ltr' id='par_1_6' title="bbox 503 1880 1059 2007">
     <span class='ocr_line' id='line_1_15' title="bbox 503 1880 1059 2007; baseline -0.007 -24"><span class='ocrx_word' id='word_1_94' title='bbox 503 1882 701 2007; x_wconf 79' lang='lat' dir='ltr'>Quinque</span> <span class='ocrx_word' id='word_1_95' title='bbox 731 1880 1059 2003; x_wconf 79' lang='lat' dir='ltr'>Disputationes</span> 
     </span>
    </p>
   </div>
   <div class='ocr_carea' id='block_1_4' title="bbox 556 2036 941 2271">
    <p class='ocr_par' dir='ltr' id='par_1_7' title="bbox 556 2036 941 2271">
     <span class='ocr_line' id='line_1_16' title="bbox 556 2036 941 2151; baseline 0 -20"><span class='ocrx_word' id='word_1_96' title='bbox 556 2036 563 2047; x_wconf 73' lang='grc'><em>“</em></span> <span class='ocrx_word' id='word_1_97' title='bbox 603 2071 654 2151; x_wconf 79' lang='lat' dir='ltr'>o.</span> <span class='ocrx_word' id='word_1_98' title='bbox 676 2070 798 2133; x_wconf 70' lang='lat' dir='ltr'>uarum</span> <span class='ocrx_word' id='word_1_99' title='bbox 818 2070 941 2133; x_wconf 82' lang='lat' dir='ltr'>Lutheri</span> 
     </span>
     <span class='ocr_line' id='line_1_17' title="bbox 707 2208 851 2271; baseline 0 -6"><span class='ocrx_word' id='word_1_100' title='bbox 707 2224 735 2268; x_wconf 87' lang='lat' dir='ltr'>s.</span> <span class='ocrx_word' id='word_1_101' title='bbox 760 2208 851 2271; x_wconf 77' lang='lat'><strong>1535.</strong></span> 
     </span>
    </p>
   </div>
   <div class='ocr_carea' id='block_1_5' title="bbox 320 2366 1320 2639">
    <p class='ocr_par' dir='ltr' id='par_1_8' title="bbox 320 2366 1320 2639">
     <span class='ocr_line' id='line_1_18' title="bbox 404 2366 1320 2481; baseline -0.005 -25"><span class='ocrx_word' id='word_1_102' title='bbox 404 2396 437 2456; x_wconf 90' lang='lat' dir='ltr'>ln</span> <span class='ocrx_word' id='word_1_103' title='bbox 467 2393 666 2475; x_wconf 89' lang='lat' dir='ltr'>sequentibus</span> <span class='ocrx_word' id='word_1_104' title='bbox 688 2396 823 2475; x_wconf 84' lang='lat' dir='ltr'>quinque</span> <span class='ocrx_word' id='word_1_105' title='bbox 841 2366 1096 2481; x_wconf 79' lang='lat' dir='ltr'>disputationibus</span> <span class='ocrx_word' id='word_1_106' title='bbox 1119 2391 1245 2473; x_wconf 85' lang='lat' dir='ltr'>diligen·</span> <span class='ocrx_word' id='word_1_107' title='bbox 1317 2444 1320 2459; x_wconf 85' lang='grc'><em>,</em></span> 
     </span>
     <span class='ocr_line' id='line_1_19' title="bbox 320 2476 1245 2559; baseline -0.004 -20"><span class='ocrx_word' id='word_1_108' title='bbox 320 2479 444 2540; x_wconf 88' lang='lat' dir='ltr'>tissime</span> <span class='ocrx_word' id='word_1_109' title='bbox 466 2477 618 2557; x_wconf 85' lang='lat' dir='ltr'>expendit</span> <span class='ocrx_word' id='word_1_110' title='bbox 629 2476 666 2538; x_wconf 90' lang='lat' dir='ltr'>D.</span> <span class='ocrx_word' id='word_1_111' title='bbox 681 2477 720 2538; x_wconf 82' lang='lat' dir='ltr'>ll.</span> <span class='ocrx_word' id='word_1_112' title='bbox 734 2478 882 2538; x_wconf 75' lang='lat' dir='ltr'>lutherus</span> <span class='ocrx_word' id='word_1_113' title='bbox 891 2477 1033 2559; x_wconf 82' lang='lat' dir='ltr'>singulus</span> <span class='ocrx_word' id='word_1_114' title='bbox 1044 2495 1138 2537; x_wconf 86' lang='lat' dir='ltr'>voces</span> <span class='ocrx_word' id='word_1_115' title='bbox 1157 2476 1245 2536; x_wconf 88' lang='lat' dir='ltr'>huius</span> 
     </span>
     <span class='ocr_line' id='line_1_20' title="bbox 322 2558 1247 2639; baseline -0.003 -17"><span class='ocrx_word' id='word_1_116' title='bbox 322 2563 440 2623; x_wconf 80' lang='lat' dir='ltr'>Paulini</span> <span class='ocrx_word' id='word_1_117' title='bbox 454 2560 537 2639; x_wconf 87' lang='lat' dir='ltr'>dicti,</span> <span class='ocrx_word' id='word_1_118' title='bbox 559 2560 648 2624; x_wconf 86' lang='lat' dir='ltr'>Rom.</span> <span class='ocrx_word' id='word_1_119' title='bbox 662 2562 696 2625; x_wconf 84' lang='lat'>3:</span> <span class='ocrx_word' id='word_1_120' title='bbox 707 2558 901 2622; x_wconf 84' lang='lat' dir='ltr'>Arbitrumur</span> <span class='ocrx_word' id='word_1_121' title='bbox 912 2561 1069 2621; x_wconf 91' lang='lat' dir='ltr'>homiuem</span> <span class='ocrx_word' id='word_1_122' title='bbox 1090 2558 1247 2620; x_wconf 85' lang='lat' dir='ltr'>instilicori</span> 
     </span>
    </p>
   </div>
   <div class='ocr_carea' id='block_1_6' title="bbox 323 2752 704 2769">
    <p class='ocr_par' dir='ltr' id='par_1_9' title="bbox 323 2752 704 2769">
     <span class='ocr_line' id='line_1_21' title="bbox 323 2752 704 2769; baseline -0.016 0"><span class='ocrx_word' id='word_1_123' title='bbox 323 2752 704 2769; x_wconf 46' lang='lat' dir='ltr'>mco—m</span> 
     </span>
    </p>
   </div>
   <div class='ocr_carea' id='block_1_7' title="bbox 323 2856 1246 3074">
    <p class='ocr_par' dir='ltr' id='par_1_10' title="bbox 323 2856 1246 3074">
     <span class='ocr_line' id='line_1_22' title="bbox 332 2856 1245 2931; baseline -0.012 -11"><span class='ocrx_word' id='word_1_124' title='bbox 332 2856 395 2919; x_wconf 78' lang='lat'>‘35</span> <span class='ocrx_word' id='word_1_125' title='bbox 426 2862 692 2931; x_wconf 79' lang='lat' dir='ltr'>Concedit-insuper</span> <span class='ocrx_word' id='word_1_126' title='bbox 712 2858 899 2925; x_wconf 81' lang='lat' dir='ltr'>(necessario)</span> <span class='ocrx_word' id='word_1_127' title='bbox 922 2874 971 2911; x_wconf 88' lang='lat' dir='ltr'>nec</span> <span class='ocrx_word' id='word_1_128' title='bbox 993 2872 1110 2927; x_wconf 88' lang='lat' dir='ltr'>corpore</span> <span class='ocrx_word' id='word_1_129' title='bbox 1134 2858 1245 2925; x_wconf 86' lang='lat' dir='ltr'>punien-</span> 
     </span>
     <span class='ocr_line' id='line_1_23' title="bbox 323 2926 1246 2997; baseline -0.009 -9"><span class='ocrx_word' id='word_1_130' title='bbox 323 2935 392 2988; x_wconf 89' lang='lat' dir='ltr'>dum</span> <span class='ocrx_word' id='word_1_131' title='bbox 413 2952 464 2987; x_wconf 88' lang='lat' dir='ltr'>nec</span> <span class='ocrx_word' id='word_1_132' title='bbox 484 2933 712 2986; x_wconf 76' lang='lat' dir='ltr'>incarcerandum</span> <span class='ocrx_word' id='word_1_133' title='bbox 733 2946 808 2994; x_wconf 72' lang='lat' dir='ltr'>esse,</span> <span class='ocrx_word' id='word_1_134' title='bbox 828 2926 876 2981; x_wconf 84' lang='lat' dir='ltr'>sed</span> <span class='ocrx_word' id='word_1_135' title='bbox 896 2928 1025 2997; x_wconf 81' lang='lat' dir='ltr'>adempto</span> <span class='ocrx_word' id='word_1_136' title='bbox 1046 2927 1134 2980; x_wconf 86' lang='lat' dir='ltr'>solum</span> <span class='ocrx_word' id='word_1_137' title='bbox 1155 2928 1246 2981; x_wconf 83' lang='lat' dir='ltr'>officio</span> 
     </span>
     <span class='ocr_line' id='line_1_24' title="bbox 324 3008 659 3074; baseline -0.009 -15"><span class='ocrx_word' id='word_1_138' title='bbox 324 3008 445 3061; x_wconf 87' lang='lat' dir='ltr'>liberum</span> <span class='ocrx_word' id='word_1_139' title='bbox 463 3008 505 3059; x_wconf 88' lang='lat' dir='ltr'>ire</span> <span class='ocrx_word' id='word_1_140' title='bbox 523 3011 551 3058; x_wconf 90' lang='lat' dir='ltr'>et</span> <span class='ocrx_word' id='word_1_141' title='bbox 568 3021 659 3074; x_wconf 84' lang='lat' dir='ltr'>ogere.</span> 
     </span>
    </p>
   </div>
   <div class='ocr_carea' id='block_1_8' title="bbox 324 3088 1247 3231">
    <p class='ocr_par' dir='ltr' id='par_1_11' title="bbox 324 3088 1247 3231">
     <span class='ocr_line' id='line_1_25' title="bbox 361 3088 1247 3161; baseline -0.012 -10"><span class='ocrx_word' id='word_1_142' title='bbox 361 3096 404 3151; x_wconf 86' lang='grc'>36.</span> <span class='ocrx_word' id='word_1_143' title='bbox 424 3094 517 3161; x_wconf 77' lang='lat' dir='ltr'>Quare</span> <span class='ocrx_word' id='word_1_144' title='bbox 545 3100 649 3146; x_wconf 87' lang='lat' dir='ltr'>certum</span> <span class='ocrx_word' id='word_1_145' title='bbox 682 3096 739 3158; x_wconf 82' lang='lat' dir='ltr'>est,</span> <span class='ocrx_word' id='word_1_146' title='bbox 768 3106 821 3143; x_wconf 87' lang='lat' dir='ltr'>uec</span> <span class='ocrx_word' id='word_1_147' title='bbox 843 3090 946 3141; x_wconf 85' lang='lat' dir='ltr'>crimen</span> <span class='ocrx_word' id='word_1_148' title='bbox 976 3089 1082 3140; x_wconf 85' lang='lat' dir='ltr'>censeri</span> <span class='ocrx_word' id='word_1_149' title='bbox 1108 3089 1137 3139; x_wconf 92' lang='lat' dir='ltr'>iu</span> <span class='ocrx_word' id='word_1_150' title='bbox 1155 3088 1247 3155; x_wconf 80' lang='lat' dir='ltr'>Pspsc</span> 
     </span>
     <span class='ocr_line' id='line_1_26' title="bbox 324 3163 924 3231; baseline -0.017 -10"><span class='ocrx_word' id='word_1_151' title='bbox 324 3168 452 3231; x_wconf 83' lang='lat' dir='ltr'>ecclesio,</span> <span class='ocrx_word' id='word_1_152' title='bbox 472 3169 495 3219; x_wconf 89' lang='lat' dir='ltr'>si</span> <span class='ocrx_word' id='word_1_153' title='bbox 515 3166 646 3219; x_wconf 77' lang='lat' dir='ltr'>sacerdos</span> <span class='ocrx_word' id='word_1_154' title='bbox 668 3163 779 3217; x_wconf 87' lang='lat' dir='ltr'>duxerit</span> <span class='ocrx_word' id='word_1_155' title='bbox 797 3176 924 3213; x_wconf 78' lang='lat' dir='ltr'>uxorem.</span> 
     </span>
    </p>
   </div>
   <div class='ocr_carea' id='block_1_9' title="bbox 324 3248 1247 3395">
    <p class='ocr_par' dir='ltr' id='par_1_12' title="bbox 324 3248 1247 3395">
     <span class='ocr_line' id='line_1_27' title="bbox 346 3248 1246 3317; baseline -0.016 -6"><span class='ocrx_word' id='word_1_156' title='bbox 346 3257 404 3313; x_wconf 83' lang='grc'><strong>37.</strong></span> <span class='ocrx_word' id='word_1_157' title='bbox 431 3254 564 3308; x_wconf 81' lang='lat' dir='ltr'>Concedit</span> <span class='ocrx_word' id='word_1_158' title='bbox 587 3254 675 3317; x_wconf 82' lang='lat' dir='ltr'>ultro,</span> <span class='ocrx_word' id='word_1_159' title='bbox 700 3252 857 3305; x_wconf 75' lang='lat' dir='ltr'>necessario</span> <span class='ocrx_word' id='word_1_160' title='bbox 883 3265 935 3303; x_wconf 87' lang='lat' dir='ltr'>nec</span> <span class='ocrx_word' id='word_1_161' title='bbox 960 3249 1043 3301; x_wconf 87' lang='lat' dir='ltr'>rebus</span> <span class='ocrx_word' id='word_1_162' title='bbox 1062 3254 1109 3301; x_wconf 77' lang='lat' dir='ltr'>eut</span> <span class='ocrx_word' id='word_1_163' title='bbox 1127 3248 1246 3315; x_wconf 87' lang='lat' dir='ltr'>propriis</span> 
     </span>
     <span class='ocr_line' id='line_1_28' title="bbox 324 3320 1247 3395; baseline -0.015 -13"><span class='ocrx_word' id='word_1_164' title='bbox 324 3330 406 3382; x_wconf 89' lang='lat' dir='ltr'>bouis</span> <span class='ocrx_word' id='word_1_165' title='bbox 427 3342 489 3381; x_wconf 80' lang='lat' dir='ltr'>esse</span> <span class='ocrx_word' id='word_1_166' title='bbox 507 3324 701 3395; x_wconf 73' lang='lat' dir='ltr'>spoliandum,</span> <span class='ocrx_word' id='word_1_167' title='bbox 730 3323 779 3377; x_wconf 87' lang='lat' dir='ltr'>sed</span> <span class='ocrx_word' id='word_1_168' title='bbox 807 3322 934 3389; x_wconf 84' lang='lat' dir='ltr'>adempto</span> <span class='ocrx_word' id='word_1_169' title='bbox 962 3321 1052 3374; x_wconf 87' lang='lat' dir='ltr'>solum</span> <span class='ocrx_word' id='word_1_170' title='bbox 1072 3320 1163 3373; x_wconf 83' lang='lat' dir='ltr'>oltlcio</span> <span class='ocrx_word' id='word_1_171' title='bbox 1190 3320 1247 3370; x_wconf 89' lang='lat' dir='ltr'>suis</span> 
     </span>
    </p>
   </div>
   <div class='ocr_carea' id='block_1_10' title="bbox 251 3399 687 3466">
    <p class='ocr_par' dir='ltr' id='par_1_13' title="bbox 251 3399 687 3466">
     <span class='ocr_line' id='line_1_29' title="bbox 251 3399 687 3466; baseline -0.014 -13"><span class='ocrx_word' id='word_1_172' title='bbox 251 3412 259 3423; x_wconf 97' lang='grc'><strong><em>’</em></strong></span> <span class='ocrx_word' id='word_1_173' title='bbox 326 3401 411 3453; x_wconf 89' lang='lat' dir='ltr'>rebus</span> <span class='ocrx_word' id='word_1_174' title='bbox 429 3399 517 3452; x_wconf 87' lang='lat' dir='ltr'>libere</span> <span class='ocrx_word' id='word_1_175' title='bbox 535 3413 619 3466; x_wconf 89' lang='lat' dir='ltr'>posse</span> <span class='ocrx_word' id='word_1_176' title='bbox 638 3399 687 3449; x_wconf 89' lang='lat' dir='ltr'>uti.</span> 
     </span>
    </p>
   </div>
   <div class='ocr_carea' id='block_1_11' title="bbox 326 3481 1248 3613">
    <p class='ocr_par' dir='ltr' id='par_1_14' title="bbox 326 3481 1248 3613">
     <span class='ocr_line' id='line_1_30' title="bbox 361 3481 1248 3553; baseline -0.018 -10"><span class='ocrx_word' id='word_1_177' title='bbox 361 3487 405 3543; x_wconf 90' lang='grc'>38.</span> <span class='ocrx_word' id='word_1_178' title='bbox 425 3486 517 3553; x_wconf 74' lang='lat' dir='ltr'>Quare</span> <span class='ocrx_word' id='word_1_179' title='bbox 535 3504 588 3541; x_wconf 86' lang='lat' dir='ltr'>nee</span> <span class='ocrx_word' id='word_1_180' title='bbox 606 3484 766 3540; x_wconf 73' lang='lat' dir='ltr'>semustum</span> <span class='ocrx_word' id='word_1_181' title='bbox 785 3488 832 3537; x_wconf 86' lang='lat' dir='ltr'>unt</span> <span class='ocrx_word' id='word_1_182' title='bbox 850 3481 1047 3552; x_wconf 86' lang='lat' dir='ltr'>turpitudinem</span> <span class='ocrx_word' id='word_1_183' title='bbox 1066 3495 1128 3534; x_wconf 85' lang='lat' dir='ltr'>esse</span> <span class='ocrx_word' id='word_1_184' title='bbox 1146 3482 1248 3544; x_wconf 83' lang='lat' dir='ltr'>censet,</span> 
     </span>
     <span class='ocr_line' id='line_1_31' title="bbox 326 3558 774 3613; baseline -0.009 0"><span class='ocrx_word' id='word_1_185' title='bbox 326 3562 348 3613; x_wconf 89' lang='lat' dir='ltr'>si</span> <span class='ocrx_word' id='word_1_186' title='bbox 369 3558 501 3613; x_wconf 79' lang='lat' dir='ltr'>sacerdos</span> <span class='ocrx_word' id='word_1_187' title='bbox 516 3558 628 3613; x_wconf 85' lang='lat' dir='ltr'>duxerit</span> <span class='ocrx_word' id='word_1_188' title='bbox 647 3573 774 3611; x_wconf 86' lang='lat' dir='ltr'>uxorem.</span> 
     </span>
    </p>
   </div>
   <div class='ocr_carea' id='block_1_12' title="bbox 327 3637 1249 3788">
    <p class='ocr_par' dir='ltr' id='par_1_15' title="bbox 327 3637 1249 3788">
     <span class='ocr_line' id='line_1_32' title="bbox 362 3637 1249 3717; baseline -0.015 -15"><span class='ocrx_word' id='word_1_189' title='bbox 362 3648 406 3704; x_wconf 89' lang='grc'>39.</span> <span class='ocrx_word' id='word_1_190' title='bbox 427 3646 481 3713; x_wconf 77' lang='lat' dir='ltr'>Qui</span> <span class='ocrx_word' id='word_1_191' title='bbox 499 3648 584 3717; x_wconf 85' lang='lat' dir='ltr'>igitur</span> <span class='ocrx_word' id='word_1_192' title='bbox 602 3647 673 3699; x_wconf 81' lang='lat' dir='ltr'>ultro</span> <span class='ocrx_word' id='word_1_193' title='bbox 691 3647 900 3712; x_wconf 86' lang='lat' dir='ltr'>suspensionem</span> <span class='ocrx_word' id='word_1_194' title='bbox 918 3648 969 3695; x_wconf 86' lang='lat' dir='ltr'>etc.</span> <span class='ocrx_word' id='word_1_195' title='bbox 980 3673 1010 3682; x_wconf 87' lang='lat'><em>-</em></span> <span class='ocrx_word' id='word_1_196' title='bbox 1034 3640 1123 3693; x_wconf 84' lang='lat' dir='ltr'>Verbo</span> <span class='ocrx_word' id='word_1_197' title='bbox 1141 3637 1249 3707; x_wconf 85' lang='lat' dir='ltr'>reliquo</span> 
     </span>
     <span class='ocr_line' id='line_1_33' title="bbox 327 3714 950 3788; baseline -0.006 -17"><span class='ocrx_word' id='word_1_198' title='bbox 327 3727 392 3773; x_wconf 87' lang='lat' dir='ltr'>sunt</span> <span class='ocrx_word' id='word_1_199' title='bbox 409 3719 515 3785; x_wconf 74' lang='lat' dir='ltr'>cadem,</span> <span class='ocrx_word' id='word_1_200' title='bbox 534 3717 613 3788; x_wconf 64' lang='lat' dir='ltr'>quse*</span> <span class='ocrx_word' id='word_1_201' title='bbox 624 3732 709 3787; x_wconf 82' lang='lat' dir='ltr'>supro</span> <span class='ocrx_word' id='word_1_202' title='bbox 726 3720 755 3769; x_wconf 91' lang='lat' dir='ltr'>iu</span> <span class='ocrx_word' id='word_1_203' title='bbox 773 3729 887 3784; x_wconf 86' lang='lat' dir='ltr'>propos.</span> <span class='ocrx_word' id='word_1_204' title='bbox 906 3714 950 3770; x_wconf 81' lang='lat'>37.</span> 
     </span>
    </p>
   </div>
   <div class='ocr_carea' id='block_1_13' title="bbox 327 3793 1251 4022">
    <p class='ocr_par' dir='ltr' id='par_1_16' title="bbox 327 3793 1251 4022">
     <span class='ocr_line' id='line_1_34' title="bbox 343 3793 1250 3877; baseline -0.015 -14"><span class='ocrx_word' id='word_1_205' title='bbox 343 3793 345 3800; x_wconf 47' lang='grc'>’</span> <span class='ocrx_word' id='word_1_206' title='bbox 365 3808 408 3865; x_wconf 80' lang='grc'><strong>40.</strong></span> <span class='ocrx_word' id='word_1_207' title='bbox 427 3808 472 3861; x_wconf 84' lang='grc' dir='ltr'>Ει</span> <span class='ocrx_word' id='word_1_208' title='bbox 491 3808 535 3861; x_wconf 89' lang='lat' dir='ltr'>his</span> <span class='ocrx_word' id='word_1_209' title='bbox 554 3813 645 3877; x_wconf 86' lang='lat' dir='ltr'>potest</span> <span class='ocrx_word' id='word_1_210' title='bbox 661 3806 788 3875; x_wconf 79' lang='lat' dir='ltr'>intelligi,</span> <span class='ocrx_word' id='word_1_211' title='bbox 809 3804 877 3873; x_wconf 86' lang='lat' dir='ltr'>quid</span> <span class='ocrx_word' id='word_1_212' title='bbox 894 3810 944 3857; x_wconf 85' lang='lat' dir='ltr'>etc.</span> <span class='ocrx_word' id='word_1_213' title='bbox 964 3830 997 3841; x_wconf 89' lang='grc'><strong>-</strong></span> <span class='ocrx_word' id='word_1_214' title='bbox 1034 3799 1125 3855; x_wconf 80' lang='lat' dir='ltr'>Verbo</span> <span class='ocrx_word' id='word_1_215' title='bbox 1143 3798 1250 3866; x_wconf 78' lang='lat' dir='ltr'>relique</span> 
     </span>
     <span class='ocr_line' id='line_1_35' title="bbox 327 3874 1250 3949; baseline -0.014 -14"><span class='ocrx_word' id='word_1_216' title='bbox 327 3887 393 3935; x_wconf 87' lang='lat' dir='ltr'>sunt</span> <span class='ocrx_word' id='word_1_217' title='bbox 410 3878 518 3947; x_wconf 77' lang='lat' dir='ltr'>eodem,</span> <span class='ocrx_word' id='word_1_218' title='bbox 542 3897 614 3949; x_wconf 87' lang='lat' dir='ltr'>quse</span> <span class='ocrx_word' id='word_1_219' title='bbox 642 3894 728 3948; x_wconf 76' lang='lat' dir='ltr'>supro</span> <span class='ocrx_word' id='word_1_220' title='bbox 749 3880 779 3931; x_wconf 89' lang='lat' dir='ltr'>in</span> <span class='ocrx_word' id='word_1_221' title='bbox 798 3892 910 3944; x_wconf 86' lang='lat' dir='ltr'>propos.</span> <span class='ocrx_word' id='word_1_222' title='bbox 932 3875 987 3931; x_wconf 85' lang='lat'><strong>38·:</strong></span> <span class='ocrx_word' id='word_1_223' title='bbox 1015 3874 1046 3926; x_wconf 90' lang='lat' dir='ltr'>in</span> <span class='ocrx_word' id='word_1_224' title='bbox 1065 3874 1118 3925; x_wconf 86' lang='lat' dir='ltr'>line</span> <span class='ocrx_word' id='word_1_225' title='bbox 1138 3884 1250 3939; x_wconf 87' lang='lat' dir='ltr'>quoque</span> 
     </span>
     <span class='ocr_line' id='line_1_36' title="bbox 328 3943 1251 4022; baseline -0.013 -15"><span class='ocrx_word' id='word_1_226' title='bbox 328 3952 459 4007; x_wconf 88' lang='lat' dir='ltr'>editionis</span> <span class='ocrx_word' id='word_1_227' title='bbox 478 3952 624 4022; x_wconf 71' lang='lat' dir='ltr'>originalis</span> <span class='ocrx_word' id='word_1_228' title='bbox 642 3950 794 4005; x_wconf 76' lang='lat' dir='ltr'>vocobnlst</span> <span class='ocrx_word' id='word_1_229' title='bbox 812 3947 894 4001; x_wconf 78' lang='lat' dir='ltr'>Anno</span> <span class='ocrx_word' id='word_1_230' title='bbox 913 3946 947 4002; x_wconf 86' lang='lat' dir='ltr'>ll.</span> <span class='ocrx_word' id='word_1_231' title='bbox 962 3946 993 3999; x_wconf 82' lang='lat' dir='ltr'>l).</span> <span class='ocrx_word' id='word_1_232' title='bbox 1006 3943 1092 4009; x_wconf 79' lang='lat' dir='ltr'>XXX,</span> <span class='ocrx_word' id='word_1_233' title='bbox 1111 3958 1167 3997; x_wconf 88' lang='lat' dir='ltr'>non</span> <span class='ocrx_word' id='word_1_234' title='bbox 1186 3947 1251 3997; x_wconf 89' lang='lat' dir='ltr'>sunt</span> 
     </span>
    </p>
   </div>
   <div class='ocr_carea' id='block_1_14' title="bbox 330 4023 487 4080">
    <p class='ocr_par' dir='ltr' id='par_1_17' title="bbox 330 4023 487 4080">
     <span class='ocr_line' id='line_1_37' title="bbox 330 4023 487 4080; baseline 0 -2"><span class='ocrx_word' id='word_1_235' title='bbox 330 4023 435 4080; x_wconf 68' lang='lat' dir='ltr'>souitu</span> <span class='ocrx_word' id='word_1_236' title='bbox 454 4051 487 4063; x_wconf 92' lang='lat'><em>-</em></span> 
     </span>
    </p>
   </div>
   <div class='ocr_carea' id='block_1_15' title="bbox 0 0 1608 4792">
    <p class='ocr_par' dir='ltr' id='par_1_18' title="bbox 0 0 1608 4792">
     <span class='ocr_line' id='line_1_38' title="bbox 0 0 1608 4792; baseline 0 0"><span class='ocrx_word' id='word_1_237' title='bbox 0 0 1608 4792; x_wconf 95' lang='lat' dir='ltr'> </span> 
     </span>
    </p>
   </div>
  </div>
 </body>
</html>
