3159 4792
374 526 437 597 452
684 530 844 603 Disputatio
863 532 897 586 u.
915 532 948 586 rs.
968 527 996 587 a.

376 722 461 801 silis,
491 739 597 781 nonne
617 725 666 780 est
687 719 822 783 humana
843 720 985 802 traditio,
1007 723 1070 784 imo
1092 720 1246 784 horribilis
1268 728 1300 783 et

374 804 530 867 diabolioa
553 804 767 885 blasphemia?

461 888 576 949 Anima
604 894 712 948 nostra
743 888 822 948 siout
841 905 950 968 passer
984 893 1091 969 erepta
1112 895 1161 949 est
1190 886 1229 948 de
1255 888 1296 949 la·

458 990 539 1051 queo
562 969 751 1033 venantium.

459 1054 601 1134 Laqueus
624 1054 774 1114 oontritus
797 1060 860 1132 est,
894 1059 926 1113 et
947 1073 1005 1114 nos
1037 1052 1159 1115 liberati
1182 1074 1296 1118 sumus.

458 1138 527 1199 Hoo
549 1138 621 1215 sepit
643 1136 830 1201 adiutorium
858 1143 996 1220 nostrum
1027 1137 1059 1196 in
1087 1139 1215 1199 nomine
1236 1138 1297 1200 Do-

459 1242 543 1282 muns.

939 1337 976 1397 D.
998 1337 1147 1398 Martinus
1170 1338 1296 1401 Luther.

583 1558 817 1640 Disputatio
840 1556 1087 1638 Theologioa

375 1696 411 1758 R.
435 1696 480 1758 P.
494 1696 533 1761 D.
555 1694 643 1760 Mart.
663 1698 750 1758 Lut.h
779 1690 820 1758 de'
850 1696 905 1758 illo
933 1696 1016 1757 dioto
1045 1698 1083 1758 ad
1105 1697 1217 1769 Ebrae.
1242 1702 1292 1764 13:

377 1838 527 1901 Dominus
548 1839 632 1901 lesus
654 1838 720 1899 heri
741 1843 772 1899 et
793 1837 945 1916 hodie,
936 1858 1005 1919 rpse
1027 1839 1086 1899 et
1078 1860 1109 1899 m
1131 1840 1240 1901 seoula
1249 1839 1297 1924 *.)

459 1996 753 2059 astumatum
776 1996 877 2074 Deus,
903 1994 942 2059 ab
963 1997 1052 2057 initio
1075 1996 1180 2057 mundi
1203 1999 1297 2058 variis

375 2079 495 2156 modis,
529 2083 584 2161 per
606 2079 699 2141 fidem
726 2081 758 2141 in
788 2079 919 2141 eundem
942 2078 1095 2140 Christum
1118 2080 1217 2140 uultus
1242 2091 1297 2143 est.

458 2164 486 2225 2.
510 2162 633 2224 Certum
658 2168 714 2242 est,
737 2161 839 2225 Adam
862 2169 894 2224 et
909 2162 1028 2223 Hevam
1050 2164 1081 2223 in
1105 2182 1211 2224 semen
1235 2184 1297 2224 mu-

375 2244 481 2389 herisi
494 2249 680 2327 promissum
704 2244 754 2329 (id
783 2250 847 2320 est)
881 2246 913 2306 in
933 2246 1033 2306 Deum
1070 2248 1296 2326 promissorem

376 2347 554 2393 ore11sse.

461 2414 489 2476 3.
513 2413 611 2475 Habet
635 2411 768 2474 offerens
789 2412 906 2493 placuit
925 2412 1009 2489 Deo,
1042 2412 1224 2492 promissori
1252 2432 1297 2474 se-

376 2496 478 2572 minis,
500 2496 532 2555 in
555 2515 655 2575 quem,
673 2515 727 2555 seu
750 2496 835 2555 ouius
857 2496 1054 2575 promissioni
1078 2493 1217 2557 eredidit.

458 2578 488 2639 4.
510 2577 665 2639 Abraham
680 2598 720 2639 ex
741 2577 905 2639 Chaldaeis
928 2583 1056 2639 voeatus
1070 2579 1148 2658 Deo,
1169 2581 1298 2660 promis·

377 2660 439 2720 sori
460 2662 597 2741 seminis,
618 2662 743 2722 vooanti
764 2660 895 2722 eredidit
915 2668 947 2722 et
967 2660 1149 2722 iustificatos
1171 2670 1228 2723 est.

459 2746 488 2807 ὃ.
511 2743 589 2806 Aliis
613 2744 735 2824 quidem
757 2745 916 2825 personis,
945 2744 1076 2824 aliisque
1098 2745 1298 2826 temporibus,

377 2826 515 2887 eiusdem
539 2829 752 2909 promissionis
774 2826 852 2888 fides
874 2834 1025 2889 renovata
1047 2835 1102 2889 est.

461 2914 491 2976 6.
513 2910 584 2972 Non
605 2910 742 2972 'humana
763 2911 887 2990 quidem
910 2912 1092 2989 temeritate,
1115 2910 1170 2972 sed
1193 2910 1300 2972 divina

375 2995 557 3074 autoritate,
581 3014 661 3075 quae
684 2993 815 3056 eandem
837 2995 1075 3091 promissionem
1097 3014 1153 3075 per
1174 2994 1300 3057 diversa

377 3082 519 3157 tempora
541 3085 572 3138 et
594 3097 744 3160 personas
766 3078 894 3139 voluit
886 3079 1037 3140 innovari
1375 3145 1384 3153 q

458 3164 486 3225 7
510 3160 652 3240 Summa,
686 3160 833 3241 quidquid
855 3168 976 3246 gestum
1008 3167 1056 3222 est
1078 3162 1225 3222 virtutum
1249 3161 1300 3222 vei

374 3261 475 3303 rerum
498 3263 553 3324 per
583 3245 652 3325 pios
674 3251 745 3306 ante
715 3244 953 3306 tChristum
944 3265 975 3305 rn
998 3243 1061 3305 fide
1083 3245 1299 3326 promissionis

375 3326 441 3386 eius
463 3333 584 3407 gestum
608 3334 664 3388 est.

456 3410 486 3473 8
510 3409 603 3489 Siout,
626 3408 773 3491 quidquid
795 3416 865 3491 gast
865 3430 916 3470 um
939 3418 987 3471 est
1004 3418 1203 3493 personatos
1225 3421 1300 3493 post

375 3490 572 3568 Christum
563 3514 594 3553 sn
617 3492 680 3554 fide
694 3493 841 3573 impletae
857 3495 1074 3591 promissionis
1096 3502 1166 3577 gest
1167 3516 1218 3555 um
1242 3503 1300 3557 est.

459 3578 487 3641 9
511 3577 675 3652 Desierunt
663 3583 758 3657 tper
788 3582 931 3658 tempora
963 3579 1041 3638 varii
1060 3577 1105 3638 illi
1127 3578 1213 3639 modi
1237 3599 1299 3639 ore-

375 3656 498 3719 dandi
490 3679 521 3742 m
544 3678 649 3721 semen
670 3661 854 3739 promissum
869 3680 923 3721 ssu
940 3660 971 3722 in
990 3660 1122 3722 eundem
1135 3661 1300 3724 Christum.

379 3819 775 3835 mmm-*Q

448 3856 632 3971 7).Ιιὶι(76τιτ
657 3908 675 3959 l.
703 3907 823 3977 l.1Vp
841 3906 896 3964 ,402
914 3908 987 3961 hano
1011 3908 1229 3977 disputationem
1255 3910 1300 3963 ad-

374 3930 574 4036 numerandam
595 3992 657 4038 osso
676 3985 770 4033 censet
789 3994 862 4034 anno
885 3979 1299 4051 toto·germaniceaa1egi-

376 4048 446 4095 tur
438 4060 466 4097 m
486 4047 605 4101 Walchii
624 4048 730 4105 oollaet.
750 4050 821 4120 Opp.
837 4048 918 4106 Luth.
937 4047 1088 4121 TXIXp.
1110 4053 1162 4108 109
1181 4042 1297 4111 struto
