3159 4792
497 524 594 574 contra
611 522 738 574 munem
756 523 784 575 et
802 536 976 592 synagogam
994 521 1090 591 ipsius.
1179 518 1242 585 ’457

324 705 471 767 informat
490 702 623 784 idolum,
646 704 857 785 mendacium,
891 705 1080 789 figmentum
1098 707 1242 785 hominis,

322 788 376 849 sed
398 788 501 870 potius
524 786 662 850 destruit.
1231 813 1233 818 ·

389 872 436 935 13.
459 869 538 946 Quid
562 871 705 933 estalind
720 872 832 948 dicere,
855 869 965 935 caritas
986 874 1131 936 informat
1150 872 1242 935 fidem

322 955 500 1032 informem,
531 974 622 1035 quum
651 956 761 1017 caritas
793 957 882 1035 facit,
912 965 946 1017 ut
979 960 1019 1018 sit
1048 958 1242 1020 mendacium

327 1040 451 1116 veritas,
474 1044 505 1097 et
526 1039 645 1099 vanitas
668 1037 708 1100 ait
727 1058 777 1099 ree
799 1040 888 1120 ipsa?

379 1122 436 1183 ⁴14.
459 1120 557 1182 Extra
578 1140 770 1204 synagogam
793 1123 958 1203 pellendae
986 1131 1058 1184 sunt
1077 1126 1156 1185 istae
1177 1123 1243 1185 bar-

323 1203 417 1265 barae
439 1204 651 1286 Sophistarum
683 1224 794 1286 voces,
822 1206 898 1267 tides
920 1207 1075 1287 informis,
1101 1208 1243 1286 formata,

323 1289 421 1368 gratia
442 1293 563 1368 gratum
585 1288 701 1349 iaciens
724 1295 782 1351 etc.

388 1374 434 1435 15.
459 1370 537 1432 Sunt
557 1369 638 1432 euim
662 1376 805 1453 sumptae
826 1391 865 1433 ex
886 1370 1085 1453 philosophia
1105 1372 1244 1450 rationis,

324 1472 403 1533 qnae
425 1472 487 1515 non
520 1460 625 1536 potest
646 1474 684 1516 ea
713 1474 824 1536 capere
852 1463 883 1516 et
905 1454 1041 1535 tradere,
1072 1474 1151 1536 quae
1172 1461 1245 1516 sunt

324 1536 435 1599 Christi
457 1544 488 1597 et
509 1537 638 1618 Spiritus
663 1538 738 1601 eius.

387 1623 434 1685 16.
459 1620 522 1682 lmo
550 1640 625 1682 vero
659 1628 728 1682 sunt
762 1621 912 1702 profanae
934 1640 1045 1682 vocum
1068 1622 1243 1698 inanitates,

324 1701 432 1782 quibus
455 1703 636 1766 obscuratur
666 1705 781 1765 veritas
804 1704 997 1785 Christiana,
1016 1706 1047 1765 et
1068 1723 1128 1765 neo
1149 1725 1168 1765 a
1190 1704 1245 1765 do·

324 1793 415 1848 cente
436 1804 494 1847 neo
515 1787 661 1848 audiente
682 1788 814 1869 intelligi
836 1793 976 1868 possunt.

388 1872 436 1933 17.
458 1869 505 1930 De
526 1869 617 1931 rebus
632 1872 726 1931 sacris
745 1871 933 1951 loquendum
947 1877 1001 1946 est,
1023 1872 1117 1950 sanis,
1139 1871 1245 1949 sacris,

328 1950 457 2032 sobriis,
479 1952 609 2033 Spiritus
626 1955 730 2016 sanati·
748 1954 860 2034 verbis,
884 1957 914 2014 in
937 1953 1093 2035 Scriptura
1115 1954 1243 2017 traditis.

392 2036 439 2099 18.
461 2035 508 2097 Ne
531 2038 700 2118 contingat,
723 2039 803 2099 sicut
816 2038 944 2119 contigit
958 2038 1047 2099 nobis
1065 2038 1243 2119 magisterio

325 2119 531 2200 sophistarum
553 2119 628 2180 illud
650 2120 821 2181 Nehemiae
844 2124 898 2185 13:
920 2120 1139 2201 loquebantur
1159 2122 1246 2180 iuxta

323 2202 441 2284 linguas
465 2202 569 2283 populi
591 2210 621 2264 et
643 2203 758 2283 populi.

391 2288 439 2349 19.
463 2286 604 2347 Proiecto
627 2285 705 2347 fides
726 2286 943 2347 informisnon
965 2286 1030 2365 fuit,
1053 2305 1121 2346 oum
1135 2285 1246 2346 Daniel

323 2369 402 2429 inter
434 2368 541 2430 leones
572 2369 697 2430 illaesus
730 2370 870 2449 vivebat,
904 2371 984 2430 sicut
1005 2369 1129 2430 dicitur:
1166 2368 1246 2445 Quia

325 2450 453 2514 credidit
475 2452 541 2513 Deo
563 2471 630 2513 suo.
1020 2516 1023 2519 ,

387 2537 437 2599 20.
460 2534 550 2595 Fides
572 2536 710 2596 informis
732 2556 797 2597 nou
818 2537 874 2596 init
895 2534 1056 2597 Susannae
1077 2534 1172 2612 fides,
1203 2532 1245 2596 de

325 2636 385 2761 {aa
415 2617 570 2683 scribitur:
602 2617 677 2680 Erat
711 2638 765 2680 cor
799 2621 864 2680 eius
886 2618 1029 2681 fiduciam
1061 2617 1179 2680 habeus
1213 2618 1245 2678 iu

356 2720 469 2764 omino.

385 2786 434 2847 21.
456 2783 523 2845 Nec
544 2783 644 2845 David
677 2785 844 2864 prostravit
865 2783 991 2845 Goliath
1025 2783 1101 2844 futili
1135 2783 1188 2844 illa
1214 2790 1246 2844 et

325 2866 484 2928 incredula
506 2868 704 2949 cogitatione,
728 2867 826 2947 qualis
843 2875 889 2926 est
913 2865 989 2926 fides
1012 2866 1161 2926 informis.

387 2952 436 3015 22.
459 2949 549 3010 Fides
572 2968 646 3011 vera
668 2956 715 3010 est
739 2948 910 3010 substantia
932 2946 1042 3027 cordis,
1066 2947 1096 3009 id
1119 2955 1176 3027 est,
1197 2946 1245 3008 fir-

325 3041 428 3093 meet
451 3041 534 3093 certa
562 3032 675 3094 fiducia
702 3034 734 3093 in
756 3032 855 3093 Deum
884 3033 1103 3112 promissorem
1131 3031 1245 3091 miseri·

324 3115 448 3177 cordiae
472 3123 503 3176 et
525 3116 641 3177 auxilii.

386 3200 434 3264 23.
458 3198 548 3259 Fides
571 3219 643 3260 vere
666 3198 805 3258 informis
828 3198 883 3257 luit
904 3198 995 3274 Petri,
1019 3195 1142 3277 quando
1160 3195 1243 3256 Obri-
1309 3191 1312 3195 ’

324 3288 388 3343 stus
409 3280 449 3341 ad
472 3302 541 3343 eum
563 3282 655 3343 dixit:
685 3280 826 3342 Modioae
849 3279 938 3359 iidei,
961 3299 1055 3360 quare
1078 3278 1244 3341 dubitasti?

387 3366 436 3428 24.
460 3363 539 3440 Quin
570 3365 624 3425 illa
645 3363 721 3424 fides
744 3365 824 3425 Petri
860 3383 914 3424 seu
945 3363 1096 3424 dubitatio
1128 3364 1244 3442 impro-

324 3446 570 3527 portionabiliter
593 3448 690 3507 maius
713 3446 856 3526 quiddam
880 3454 965 3526 erat,
987 3466 1079 3526 quam
1102 3444 1179 3506 fides
1201 3446 1244 3504 in-

324 3530 439 3591 formis.

387 3614 437 3678 25.
458 3613 515 3674 llla
536 3618 664 3674 vocatur
691 3612 816 3673 modica
843 3612 936 3692 noes,
971 3612 1051 3672 haec
1085 3629 1158 3672 vero
1198 3616 1245 3671 est

324 3704 483 3778 peccatum
507 3701 538 3757 at
559 3692 768 3775 incredulitas,
793 3704 824 3756 et
841 3704 907 3757 tota
920 3694 1021 3757 cordis
1042 3691 1168 3755 humani
1190 3694 1243 3755 im·

344 3782 431 3842 ietas.

323 3801 343 3861 p
389 3864 439 3928 26.
462 3861 606 3940 Summa,
635 3862 745 3921 frustra
765 3860 937 3943 disputatur
956 3880 1025 3921 cum
1048 3860 1245 3923 Scholasticis

326 3946 366 4009 de
388 3946 436 4012 hia
458 3945 549 4006 rebus
572 3943 630 4005 eibi
650 3945 816 4025 incognitis
838 3952 870 4006 et
891 3945 1052 4009 inusitatis.

391 4032 442 4094 27.
465 4027 659 4109 Impossibile
681 4034 729 4089 est
751 4028 834 4109 apud
856 4046 911 4089 eos
933 4028 1085 4109 intelligi,
1113 4025 1185 4107 quid
1207 4026 1247 4087 sit
