3159 4792
365 535 430 603 420
490 610 493 619 Ι
668 538 824 603 Disputatio
842 536 877 590 D.
896 536 930 590 II.
949 532 980 590 L.

468 809 503 872 D.
528 808 716 869 Martinus
737 806 927 868 Lutherus
949 806 1014 887 pio
1036 805 1194 872 leotori.

453 925 612 987 Venerunt
643 928 673 985 in
705 944 814 987 eronus
835 943 921 987 meas
942 924 1095 1005 quaedem
1117 924 1295 987 Positiones

303 1010 311 1019 “
373 1006 418 1092 (is
438 1008 542 1069 titulus
565 1006 648 1089 erat)
672 1008 789 1069 inserto
813 1017 936 1087 autore,
965 1010 1044 1068 inter
1065 1008 1188 1068 Fratres
1210 1027 1294 1088 sper-

370 1112 442 1169 sne,
475 1110 551 1171 ques
572 1110 612 1152 ne
634 1092 756 1153 silentio
779 1091 899 1153 viderer
919 1091 1111 1173 approbare,
1134 1090 1221 1152 volui
1242 1093 1296 1150 im-

371 1174 547 1256 probandos
569 1174 746 1254 invulgare,
778 1183 812 1235 ut
833 1182 977 1236 testatum
1000 1174 1150 1251 fusorem,
1185 1174 1296 1252 quihus

372 1276 513 1339 possem,
550 1276 607 1317 nos
630 1257 668 1318 eh
691 1256 842 1318 eiusmodi
863 1260 1014 1339 portentis
1037 1276 1163 1339 prorsus
1187 1256 1296 1317 ahhor-

371 1360 456 1416 rere,
486 1338 516 1400 id
540 1339 622 1417 quod
644 1339 737 1423 paulo
758 1347 831 1421 post
852 1339 1012 1403 contrariis
1036 1338 1297 1420 disputationibus

373 1422 462 1503 [Deo
485 1420 628 1503 volente)
654 1424 847 1485 menifestum
870 1424 1074 1500 faciemus*).

629 1585 723 1649 Anno
745 1586 785 1650 M.
808 1587 846 1650 D.
869 1586 1038 1649 XXXVIII.

539 1704 698 1765 Antinomi
721 1704 878 1765 cuiusdam
900 1704 1076 1765 Positiones
1088 1702 1128 1786 ¹).

459 1826 486 1886 1.
517 1821 712 1883 Poenitentio
744 1821 887 1887 docendo
914 1830 1048 1883 estnon
1071 1842 1111 1882 ox
1134 1821 1299 1901 decalogo,

373 1914 433 2003 ent,
448 1905 512 1966 ulis
529 1904 700 1985 IegeMosi,
722 1903 777 1965 sed
801 1925 840 1966 ex
861 1905 1031 1969 violatione
1053 1904 1106 1967 filii
1129 1924 1186 1984 per
1208 1924 1299 1964 even·

373 1990 587 2134 gehuppNam
607 2069 745 2131 Christus
757 2070 858 2134 Lucae
880 2070 988 2131 ultimo
1006 2072 1065 2131 ait:
1087 2070 1139 2132 sie
1161 2072 1299 2151 oportuit

377 2153 529 2215 Christum
552 2155 644 2231 mori,
676 2160 708 2214 et
733 2154 795 2214 hoo
817 2152 910 2215 modo
933 2154 1048 2215 intrare
1070 2155 1100 2214 in
1123 2153 1210 2213 suam
1233 2154 1299 2233 glo·

377 2238 473 2316 riom,
502 2244 537 2297 nt
555 2236 749 2317 preedieetur
770 2238 801 2297 in
825 2238 952 2299 nomine
973 2254 1029 2299 suo
1054 2237 1247 2317 poenitentia
1270 2244 1301 2296 et

378 2320 518 2381 remissio
542 2328 749 2400 peoeetorum.

460 2404 490 2467 3.
518 2402 559 2463 m
591 2402 727 2464 Christus
754 2402 837 2485 epod
864 2403 1034 2465 Iohannem
1062 2404 1121 2482 eit,
1154 2402 1300 2483 Spiritum

377 2484 507 2568 arguere
530 2485 675 2546 mundum
698 2486 737 2547 de
760 2494 900 2566 peccato,
924 2506 986 2548 non
1010 2487 1120 2567 legem.

459 2571 489 2634 4.
511 2568 588 2629 Item
609 2568 702 2630 donet
722 2569 829 2630 ultima
851 2570 961 2631 oonoio
984 2569 1112 2630 Christi:
1135 2570 1191 2648 Ite,
1213 2586 1301 2649 pree·
1395 2572 1403 2586 ⁰

379 2651 482 2713 dioots
505 2652 699 2732 evangelium
723 2654 808 2713 omni
830 2659 997 2714 menturae.

461 2739 490 2800 5.
518 2734 648 2815 Paulus,
676 2753 745 2798 oum
767 2735 807 2795 sd
829 2736 938 2816 Philip.
961 2737 1004 2798 sit
1028 2734 1115 2819 (Hoo
1135 2736 1249 2795 sentite
1269 2736 1301 2794 in

378 2818 477 2899 vobis,
500 2817 581 2898 quod
604 2826 635 2879 et
654 2820 686 2879 in
705 2818 827 2879 Christo
849 2819 928 2897 Iesu,
950 2820 1033 2880 utin
1056 2820 1166 2880 timore
1188 2825 1220 2878 et
1244 2815 1303 2877 tre·

379 2920 465 2965 more
487 2902 620 2963 salutem
640 2909 773 2963 vestrum
787 2903 989 2982 operemini),
1010 2902 1169 2983 praeclare
1186 2902 1303 2979 statuit,

379 2985 551 3047 doeendnm
571 3004 641 3047 esse
663 2987 885 3065 poenitentiam
911 2998 1020 3065 (quem
1043 2992 1138 3047 voont
1157 2986 1302 3045 timorem

379 3077 411 3130 et
431 3076 614 3144 tremorem)
640 3088 680 3129 ex
701 3070 851 3130 memorio
872 3068 994 3147 Christi,
1016 3087 1080 3131 non
1103 3087 1142 3128 ex
1163 3068 1244 3148 lege,

462 3155 490 3216 6.
524 3151 573 3212 Ex
606 3152 810 3213 eonoionihus
845 3149 931 3212 Pauli
968 3160 1000 3213 et
1032 3150 1194 3213 Barnabae
1228 3151 1304 3210 setis

380 3234 574 3296 menifestum
597 3241 660 3315 est,
683 3254 747 3296 non
771 3254 842 3296 esse
864 3254 942 3316 opus
965 3234 1096 3317 legend
1118 3234 1212 3294 uilem
1236 3252 1303 3314 per-

381 3324 442 3379 tem
464 3316 699 3380 iustificationis.

462 3404 491 3465 7.
526 3400 599 3463 Sine
634 3418 819 3481 quaeroque
851 3420 884 3462 re
907 3400 996 3462 detur
1017 3400 1148 3481 SpIritns
1170 3407 1306 3476 sanetus,

381 3490 412 3545 et
433 3484 574 3545 homines
598 3484 811 3560 iustificantur,
834 3504 871 3545 ee
892 3503 942 3545 res
965 3503 1027 3544 non
1050 3492 1097 3544 est
1118 3485 1307 3557 neoessnris,

357 3566 414 3626 'ut
436 3566 592 3642 donentur,
616 3587 716 3647 neque
738 3586 794 3648 pro
817 3567 984 3648 prInoipio,
1001 3585 1102 3645 neque
1116 3566 1232 3645 medio,
1254 3586 1307 3627 ne

381 3667 440 3727 que
463 3648 525 3709 fine
547 3648 784 3713 iustificationis.

381 3848 590 3857 m

456 3948 484 3997 rt
505 3944 580 3998 Haeo
597 3946 741 4013 Inscriptio
761 3942 838 3997 deest
856 3918 885 3996 in
905 3942 947 3997 ed.
966 3943 1051 4012 1538,
1076 3946 1191 4012 repetita
1211 3951 1310 3999 estex

382 4014 424 4068 od.
445 4016 521 4069 1558.
561 4016 681 4082 (Wnlch.
701 4016 752 4067 XX
770 4033 798 4084 p.
817 4016 854 4072 72
871 4021 899 4069 et
917 4015 1025 4083 2030).'

454 4084 485 4150 ')
505 4086 611 4139 'sextus
630 4089 762 4157 repetitus
781 4094 879 4141 estex
898 4086 941 4140 ed.
961 4088 1044 4144 1538.
