3159 4792
381 570 446 638 290
706 528 787 622 Bulla
806 568 907 623 Leonis
925 568 959 621 X.

427 758 456 830 i)
482 754 530 815 An
553 756 584 814 in
609 756 732 817 occulto
755 755 876 817 locutus
911 758 976 831 est,
1015 754 1065 831 qui
1088 758 1184 812 totam
1209 770 1308 831 paene

428 840 584 917 Europam
609 838 849 921 praedicationis
870 856 944 897 suaa
966 835 1070 897 auditu
1092 835 1254 915 implevit?

427 924 447 982 lr
488 918 557 981 Hoc
579 922 701 1001 quidem
724 921 886 1000 credimus,
908 919 1006 983 semel
1027 918 1082 979 abs
1104 924 1135 978 te
1146 923 1308 997 acceptum

428 1005 449 1064 il
463 1024 514 1063 urn
536 1023 691 1083 nunquam
709 1004 923 1085 firissepostea
941 1000 1105 1081 quidquam
1124 1001 1309 1061 locuturum.

427 1087 454 1165 l)
480 1086 568 1147 Tune
589 1107 684 1169 coges
699 1089 820 1149 nescire
830 1087 972 1147 homiues
986 1104 1065 1165 quae
1077 1083 1192 1162 vident,
1217 1103 1310 1163 quae-

429 1189 489 1249 que
517 1171 637 1231 sciunt?
671 1168 750 1245 Quid
785 1168 909 1231 tandem
943 1187 1007 1229 non
1043 1168 1193 1249 permittis
1233 1165 1310 1227 tibi?

426 1253 511 1313 lllarn
535 1254 670 1313 omniurn
694 1253 842 1315 malorum
866 1253 1036 1327 sentinam,
1067 1248 1142 1310 illud
1171 1250 1309 1309 omnium

428 1337 629 1416 pessimorum
666 1337 815 1397 scelerum
849 1335 1055 1412 domicilium,
1094 1334 1194 1394 omnis
1232 1332 1311 1394 labis

427 1420 588 1497 omnisque
620 1419 817 1480 foedissimae
841 1417 1034 1499 turpitudinis
1069 1416 1312 1495 receptaculum,

426 1500 501 1562 illud
522 1501 664 1581 publicae
699 1504 781 1563 vitae
803 1503 996 1581 contagium,
1031 1518 1227 1559 communem
1259 1519 1313 1579 pe-

427 1584 609 1662 stilentiam,
633 1585 738 1647 urbem
759 1586 890 1648 Romam
913 1582 1111 1665 persuadebis
1134 1581 1224 1643 nobis
1249 1601 1310 1642 non

427 1686 496 1728 esse
519 1667 634 1728 talam?

431 1747 480 1833 m)
504 1750 628 1811 Nihilne
649 1758 680 1811 te
701 1748 806 1831 pudet,
828 1748 993 1810 Pontifex?
1015 1747 1063 1808 Ad
1086 1745 1202 1807 nullum
1229 1767 1311 1808 men-

430 1831 549 1902 dacium
571 1833 703 1894 lrontem
725 1833 847 1893 mutas?
880 1830 941 1893 sed
965 1831 1039 1891 nihil
1060 1832 1167 1891 horum
1198 1829 1311 1891 scribe-

428 1936 491 1993 res,
524 1916 584 1975 nisi
606 1922 637 1976 te
658 1916 698 1977 ab
720 1917 804 1975 omni
826 1916 990 1977 honestate
1011 1918 1152 1975 aversum
1175 1914 1313 1975 traheret

428 1999 579 2079 pecuniae
601 1997 744 2062 studium.

449 2080 510 2142 sed
523 2080 681 2142 obaudivit
693 2098 824 2160 semper,
845 2080 1041 2160 etpraedicta
1051 2079 1313 2139 Citatioueomni·

387 2163 505 2243 busque
528 2171 559 2224 et
580 2164 708 2244 singulis
731 2164 913 2244 supradictis
936 2165 1046 2243 spretis
1065 2164 1169 2222 venire
1178 2160 1212 2243 a)
1241 2181 1312 2222 con-

387 2249 490 2307 temsit
502 2264 539 2307 ac
555 2249 651 2326 usque
667 2248 697 2307 in
713 2253 905 2327 praesentem
922 2245 1001 2306 diem
1020 2254 1197 2324 contumax,
1220 2252 1313 2324 atque

387 2331 490 2390 animo
511 2329 655 2390 indurato
678 2348 823 2390 censuras
847 2329 925 2391 ultra
947 2349 1059 2389 annum
1084 2328 1245 2406 sustinuit,
1275 2337 1313 2404 et,
1401 2340 1402 2367 ἐ

389 2411 472 2492 quod
496 2413 629 2472 deterius
652 2420 709 2488 est,
730 2411 849 2472 addens
872 2412 953 2472 mala
974 2411 1072 2489 malis,
1097 2410 1135 2471 de
1158 2411 1314 2473 (litatione

389 2494 568 2555 huiusmodi
589 2497 730 2556 notitiam
752 2495 888 2573 habens,
921 2496 952 2555 in
991 2514 1100 2555 vocem
1131 2496 1313 2555 temerariae

389 2576 660 2657 Appellationisb)
696 2580 836 2658 prorupit
880 2576 919 2638 ad
964 2578 1094 2638 luturum
1129 2576 1312 2654 Concilium,

389 2667 498 2721 contra
526 2660 775 2721 constitutionem
799 2660 844 2720 Pii
865 2660 942 2736 lte)
968 2678 1005 2721 ac
1031 2659 1098 2720 Iulii
1122 2656 1202 2742 lid)
1228 2680 1312 2741 prae·

389 2739 587 2804 decessorum
612 2749 802 2822 nostrorum,
831 2762 892 2823 qua
913 2752 1055 2821 cavetur,
1090 2744 1190 2803 taliter
1209 2744 1313 2825 appel-

390 2825 489 2887 lantes
520 2826 742 2887 haereticorum
775 2830 917 2907 poenae)
949 2826 1147 2904 plectendos,
1184 2826 1314 2895 (frustra

389 2911 481 2970 etiam
510 2908 629 2970 Concili
667 2909 814 2969 auxilium
846 2909 1038 2990 imploravit,
1073 2908 1159 2988 quis)
1191 2908 1238 2969 illi
1281 2929 1313 2968 se

389 3012 452 3052 uon
475 2992 601 3054 credere
645 2992 724 3053 alam
746 2992 944 3073 profitetur):
967 2994 1011 3065 ita
1023 2998 1057 3053 ut
1072 3000 1182 3053 contra
1202 2992 1313 3073 ipsum,

389 3083 533 3154 tauquam
555 3075 593 3135 de
615 3012 676 3136 doe
700 3077 821 3136 notorie
844 3082 1036 3157 suspectum,
1063 3077 1127 3136 imo
1149 3095 1223 3137 vere
1245 3076 1314 3136 hae-

390 3160 530 3236 reticum,
552 3158 669 3238 absque
691 3155 792 3241 ullal)
818 3158 972 3219 Citatione
995 3158 1047 3219 vel
1069 3178 1156 3219 mora
1179 3158 1219 3219 ad
1243 3177 1314 3219 con-

391 3239 619 3301 demnationem
649 3248 681 3302 et
701 3241 929 3302 damnationem
954 3243 1018 3302 eius
1041 3248 1185 3320 tanquam
1209 3242 1314 3302 haere-

390 3325 461 3402 tici,
483 3324 558 3402 ac²l
585 3324 720 3384 omnium
755 3334 786 3384 et
820 3325 1006 3405 singularum
1040 3327 1312 3407 suprascriptarum
1399 3380 1400 3389 ,

390 3424 559 3486 poenarum
583 3414 613 3466 et
634 3424 830 3467 censurarum
844 3410 1037 3468 severitatem
1055 3406 1227 3487 procedere
1245 3427 1313 3489 pos-

390 3487 552 3571 semuse).
594 3488 800 3552 Nihilominus
833 3490 871 3551 de
908 3489 1074 3551 eorundem
1097 3490 1238 3551 Fratrum
1262 3510 1314 3550 no·

390 3579 520 3632 strorurn
565 3570 758 3653 consilioh),
783 3576 1003 3654 omnipotentis
1014 3572 1034 3653 il
1062 3573 1121 3633 Dei
1159 3575 1315 3635 imitantes

391 3653 603 3732 clementiam,
633 3655 768 3734 quinon
791 3656 856 3715 vult
877 3666 1006 3718 mortem
1029 3658 1226 3737 peccatoris,
1261 3656 1313 3717 sed

391 3738 488 3818 magis
512 3744 544 3797 ut
565 3744 761 3797 convertatur
783 3745 814 3799 et
836 3740 934 3818 vival,
971 3742 1105 3801 omniurn
1134 3742 1313 3801 iniuriarum

390 3820 540 3881 hacteuus
566 3819 657 3880 nobis
686 3828 718 3881 et
738 3822 931 3902 apostolicae
954 3822 1025 3884 sedi
1044 3823 1196 3885 illatarum
1222 3824 1317 3900 obliti,

512 3998 544 4059 1)
573 3997 603 4051 In
632 3998 696 4051 edit.
721 3998 844 4055 illinon:
877 4000 981 4069 absque
1010 3998 1136 4053 ulteriori
1171 4001 1312 4061 citatione.

390 4064 425 4133 2)
446 4065 533 4125 loro:
552 4084 584 4121 ac
603 4069 647 4125 ed.
