3159 4792
641 512 732 572 Deli.
749 513 870 569 tamarit
1151 510 1213 578 331

288 697 418 760 iactant
462 698 532 780 ligo
560 700 586 761 si
615 701 660 761 sic
691 718 808 782 papum.
832 700 1104 779 contempsissem,
1133 698 1216 773 ,sicut

289 800 360 841 sum
383 801 467 843 nuuc
487 789 692 846 contemnunt
711 785 759 844 sui
780 782 967 859 laudatores,
985 789 1141 862 putassem
1164 801 1219 845 me

289 864 402 925 eadem
425 865 503 927 hora
524 865 769 946 absorbendum,
793 886 862 927 cum
879 865 981 927 Chore
1002 871 1034 927 et
1051 866 1124 928 suis.

376 947 438 1009 Sed
460 955 494 1009 ut
513 950 658 1028 redeam,
692 969 759 1010 cum
782 951 827 1012 ita
853 949 1004 1011 ecclesiae
1032 955 1064 1009 et
1085 947 1213 1029 Spiritus
1296 1008 1301 1031 Α

289 1032 390 1091 suncti
412 1040 627 1113 exspectarem
650 1034 849 1108 sententiam,
880 1052 955 1092 mox
977 1031 1119 1093 indicitur
1140 1030 1213 1092 mihi

289 1114 468 1193 silentium,
506 1122 538 1176 et
569 1116 722 1197 allegetur
756 1115 959 1177 consuetudo.
1002 1114 1070 1194 Ego
1092 1115 1213 1175 territus

289 1198 461 1259 autoritate
481 1200 616 1260 nominis
634 1199 787 1261 ecclcsiae
804 1200 893 1274 cessi,
915 1205 946 1258 et
967 1198 1114 1261 cardinali
1128 1196 1214 1259 Caic-

290 1286 367 1341 tano
390 1280 550 1361 Augustae
572 1282 669 1345 obtuli
685 1283 849 1362 silentium,
870 1281 1024 1342 humiliter
1044 1288 1163 1360 petens,
1183 1287 1216 1341 ut

289 1370 322 1423 et
342 1362 531 1433 clamoribus
552 1365 702 1427 adversae
732 1367 828 1446 partis
857 1366 970 1445 pariter
992 1364 1147 1426 silentium
1168 1364 1212 1425 in·

288 1445 416 1507 diceret
438 1446 496 1509 Ille
518 1468 591 1509 vero
613 1467 676 1510 nou
689 1449 788 1511 solum
810 1448 871 1509 hoc
892 1447 1068 1527 denegavit,
1091 1446 1146 1507 sed
1159 1446 1213 1508 ad-

288 1528 383 1589 didit:
405 1529 472 1590 Nisi
487 1551 677 1611 revocarem,
699 1552 768 1593 sese
779 1532 992 1593 damnaturum
1007 1531 1112 1590 omnia
1134 1549 1213 1611 mea,

288 1631 494 1692 quaecunque
513 1614 699 1677 docuissem.
741 1617 915 1677 Docuerurn
943 1619 1047 1673 autam
1074 1614 1135 1673 iam
1158 1632 1213 1674 ca-

287 1695 471 1756 techismum
501 1717 564 1758 non
592 1717 688 1779 parvo
714 1699 828 1775 tinctu,
868 1714 957 1775 quem
990 1695 1129 1759 damnari
1150 1715 1211 1758 nou

288 1785 435 1858 oportere
464 1781 617 1859 sciebam,
649 1801 751 1859 neque
777 1781 850 1842 mihi
872 1781 933 1841 hoe
953 1779 1110 1841 ferendum
1134 1798 1213 1857 esso,

287 1862 348 1921 uisi
373 1862 486 1923 vellem
510 1865 664 1926 Christum
685 1865 851 1945 abnegare.
894 1864 942 1925 Ita
956 1868 1079 1923 scutum
1104 1862 1212 1924 estad

287 1944 372 2005 lianc
391 1948 629 2027 necessitatem,
658 1954 694 2009 ut
721 1967 851 2029 cogerer
873 1953 1011 2007 extrema
1040 1952 1160 2008 tentare
1177 1952 1213 2008 ct

287 2036 482 2108 exspectare.
856 2074 863 2091 ι
1059 2040 1061 2045 “

370 2111 486 2173 Varum
508 2133 572 2175 nou
592 2131 676 2175 uuna
695 2113 854 2175 historiam
884 2131 984 2173 meam
1006 2118 1129 2189 texere,
1157 2114 1211 2173 sed

287 2212 374 2254 meas
409 2196 571 2275 stultitias,
605 2198 812 2278 ignorantias,
848 2194 1040 2257 infirmitates
1072 2195 1213 2257 confiteri

285 2276 387 2354 volui,
423 2298 464 2339 ne
498 2281 567 2360 quis
597 2298 647 2341 nie
670 2279 722 2364 (nt
743 2280 869 2341 Paulum
893 2284 1021 2357 sequar]
1058 2279 1215 2340 existimet

286 2379 381 2440 supra
401 2361 443 2441 id,
465 2361 549 2440 qnod
571 2363 702 2425 videtin
723 2384 783 2441 me,-
806 2369 837 2425 ct
860 2382 909 2423 me
930 2360 1087 2423 hominem
1108 2361 1212 2442 fuisse,

175 2514 180 2523 ο
287 2451 321 2503 et
340 2462 413 2503 essa
433 2445 508 2505 nihil
531 2446 658 2521 dubitet,
681 2448 707 2507 si
729 2448 797 2526 quis
821 2457 922 2507 tannen
941 2444 1080 2505 dubitare
1102 2446 1211 2525 possit,

284 2527 316 2585 in
353 2529 446 2588 tantis
482 2528 720 2591 offensionibus:
763 2530 854 2591 simul
887 2537 920 2589 ut
957 2527 1103 2607 exemplo
1140 2546 1209 2589 meo

282 2615 430 2671 terrerem
452 2612 638 2688 audaculos,
667 2620 700 2674 et
720 2614 818 2674 crucis
840 2631 877 2673 ao
899 2618 1027 2673 satanae
1049 2612 1210 2691 imperitos

284 2689 452 2773 (superbos
482 2695 555 2757 volo
589 2694 972 2776 dicerclscriptorculos,
1006 2694 1116 2774 quibus
1147 2695 1210 2756 iam

283 2775 359 2835 nihil
381 2784 430 2837 est
457 2797 585 2858 papsm,
617 2780 683 2842 imo
708 2785 847 2839 satanam
869 2781 969 2859 ipsum
992 2779 1125 2839 vincere.
1148 2778 1208 2839 Lu-

282 2858 387 3000 theirus
415 2866 464 2921 est
488 2861 656 2941 petendus,
685 2862 747 2923 hoo
764 2863 847 2923 victo
875 2868 963 2923 sstan
986 2861 1115 2921 estillic
1136 2860 1206 2922 ridi·

286 2959 324 3000 cu
339 2961 401 3002 um.

367 3024 448 3099 Quid
469 3026 599 3087 faciam?
627 3027 794 3103 Quomodo
818 3027 922 3107 potui,
943 3026 1035 3087 cham
1059 3026 1085 3085 si
1107 3042 1207 3085 essem

282 3107 433 3187 angelus,
454 3108 606 3187 divinare,
630 3110 707 3171 tales
729 3111 802 3171 mihi
824 3112 855 3171 in
878 3116 996 3189 tergum
1019 3109 1204 3168 insurrectu-

282 3208 335 3251 ros
357 3210 428 3253 esse
454 3192 560 3255 hostes
594 3193 651 3255 sub
686 3196 812 3254 nomina
839 3193 930 3255 mec?
970 3191 1030 3255 Sed
1054 3190 1126 3271 quid
1149 3209 1208 3270 ego

284 3273 396 3333 stultns
430 3292 616 3355 conqueror,
649 3295 717 3337 oum
740 3276 816 3337 nulli
837 3277 949 3336 fuerint
969 3276 1076 3336 hostes
1098 3274 1210 3336 Christi

283 3363 315 3415 et
337 3357 396 3417 Dei
427 3358 582 3437 peiores„
606 3378 698 3438 quam
727 3362 778 3439 qui
807 3359 862 3421 sub
892 3360 1018 3421 nomine
1041 3358 1151 3419 Christi
1179 3363 1211 3417 et

282 3438 340 3498 Dei
362 3438 516 3501 Christum
540 3449 571 3502 et
592 3443 691 3503 Deum
712 3444 866 3523 persecuti
887 3447 969 3505 eunt.
1005 3442 1089 3523 Lege
1110 3440 1208 3519 Scrip-

282 3528 385 3600 turas,
416 3529 448 3583 et
468 3514 605 3603 videbis,
627 3524 699 3605 quid
721 3525 897 3606 prophetis,
919 3524 1086 3605 apostolis,
1114 3522 1210 3584 omui-

282 3604 402 3684 busque
425 3608 539 3667 sonatis
561 3607 715 3673 acciderit.
758 3610 873 3669 Verum
895 3615 943 3668 est
964 3607 1038 3668 illud
1061 3606 1210 3685 Micheae,

281 3689 344 3747 imo
368 3687 495 3750 Christi:
525 3691 641 3751 inimici
664 3690 797 3753 hominis
827 3690 988 3751 domestici
1010 3691 1085 3751 eius.
1125 3688 1207 3749 Chri·

281 3778 347 3830 stus
369 3789 526 3851 nunquam
546 3773 655 3836 fuisset
680 3773 852 3849 crucifixus,
876 3775 935 3835 uisi
956 3774 1123 3855 pessimum
1145 3771 1207 3832 dia-

282 3852 388 3916 bolum
411 3856 491 3915 iuter
513 3856 675 3936 apostolos
696 3857 809 3919 dudam
831 3856 958 3919 aluisset
980 3862 1011 3917 et
1038 3855 1207 3918 extulisset.

365 3935 430 3999 Sed
453 3944 557 4001 tamen
578 3940 636 4001 has
662 3958 748 4001 meas
769 3940 963 4005 infirmitates
1001 3945 1033 4001 et
1054 3939 1208 4019 stultitias,

282 4020 400 4101 optimc
420 4020 537 4105 frater,
564 4021 618 4085 tibi
640 4022 807 4103 confiteor,
847 4030 882 4085 ut
908 4029 945 4084 tu
962 4040 1086 4105 quoque
1108 4021 1210 4085 discas
