3159 4792
568 517 675 574 aeos
692 518 728 574 n.
746 517 826 573 rtet
848 518 969 573 niues.
1182 512 1224 581 29

387 704 459 767 Non
475 724 551 787 ergo
563 677 696 765 vestium
716 723 843 787 pompa,
866 706 1087 786 autpotentiae
1108 652 1223 787 magni-

306 788 399 869 tudo,
429 790 502 849 novi
515 788 711 849 Testamenti
731 789 847 868 honor,
880 789 935 849 sed
964 788 1062 871 figura
1087 790 1159 868 suit,
1192 795 1224 849 et

305 890 389 933 nuno
406 873 577 953 ignominia
598 879 661 949 est,
682 871 812 951 Spiritus
834 890 916 933 nuno
936 881 1061 953 regnat,
1085 874 1138 953 qui
1158 872 1224 932 taii·

305 956 361 1017 bus
380 954 496 1017 umbris
518 973 582 1015 nou
598 961 685 1035 eget,
716 974 776 1016 neo
797 962 931 1017 ornatur,
984 956 1073 1015 Hano
1093 957 1222 1036 gloriam

305 1038 414 1099 Emser
434 1045 543 1100 noster
561 1037 722 1099 fastidiens
753 1038 906 1100 honorem
928 1040 1027 1099 earnis
1050 1049 1081 1125 et
1101 1038 1223 1101 umbras

304 1140 407 1182 rursus
427 1142 446 1183 e
467 1123 565 1182 veteri
575 1121 775 1183 'testamento
795 1124 931 1196 susoitat,
952 1140 993 1182 ue
1013 1124 1080 1182 siue
1096 1123 1224 1201 honore,

289 1206 337 1277 ,id
358 1212 416 1285 eat,
436 1205 553 1266 umbris
579 1207 620 1265 sit
640 1205 789 1284 eoelesis,
812 1206 891 1266 ¹oum
923 1203 962 1266 de
984 1205 1096 1266 Christi
1123 1224 1223 1266 ssoer-
1268 1266 1275 1280 ,

303 1288 428 1350 dotibus
448 1287 489 1349 ad
510 1288 632 1348 iliorum
654 1287 856 1349 differentiam
870 1289 998 1368 Spiritus
1020 1288 1223 1368 praedixerit:

305 1371 489 1433 Sacerdotes
510 1372 576 1432 eius
602 1370 767 1432 induentur
805 1372 935 1451 iustitia,
973 1379 1004 1433 et
1032 1374 1130 1432 saneti
1159 1373 1223 1433 eius

303 1456 469 1516 exsultent
511 1454 553 1515 Et
572 1456 697 1515 iterum:
727 1454 912 1516 Saoerdotes
942 1456 1008 1516 eius
1028 1455 1153 1515 induam
1178 1472 1224 1514 sa·

303 1538 395 1600 tuttui
408 1535 446 1613 ⁴)
469 1545 528 1605 ete
578 1538 635 1599 Per
655 1537 733 1598 haee
754 1539 877 1618 spiritus
899 1540 1044 1619 exposuit
1064 1537 1223 1619 figuralem

303 1628 446 1683 ornatum
467 1628 500 1681 et
519 1621 670 1681 honorem
693 1628 831 1682 veterum
854 1622 1067 1700 saeerdotum3
1089 1629 1121 1681 et
1141 1620 1224 1681 Obri-

303 1714 366 1765 stus
380 1703 457 1780 **);
501 1703 560 1780 Qui
592 1704 657 1764 volt
684 1722 755 1765 esse
776 1705 857 1764 inter
878 1722 935 1765 vos
957 1706 1065 1782 maior,
1087 1706 1127 1764 sit
1148 1705 1226 1764 sieut
1265 1715 1279 1726 “

302 1806 414 1849 rnruor.

383 1871 429 1931 At
438 1868 559 1948 unser,
579 1870 708 1931 meliore
729 1870 838 1949 spiritu
859 1869 985 1949 plenus,
1002 1889 1058 1950 per
1079 1870 1224 1929 iustitiam

302 1962 334 2014 et
353 1954 487 2014 salutem
507 1953 681 2034 intelligere
698 1952 793 2013 dooet
806 1972 924 2032 aurum,
945 1972 1121 2035 purpuram,
1143 1970 1225 2033 gem-

303 2056 380 2116 mua,
398 2036 560 2114 honorem,
581 2043 778 2117 potestatem,
802 2035 988 2112 dominium,
1011 2038 1227 2119 principatum,

303 2139 380 2199 qnae
404 2121 437 2180 in
459 2121 554 2180 veteri
574 2121 778 2181 instrumento
809 2126 840 2179 et
867 2120 953 2181 mole
981 2122 1126 2183 inferiore
1149 2119 1227 2179 dixit

302 2205 407 2265 otiosa
427 2210 460 2263 et
480 2203 588 2263 reliota
616 2221 702 2279 esse,
735 2202 853 2281 idest,
881 2203 912 2263 in
941 2221 1024 2264 novo
1048 2210 1225 2283 -essumpta

303 2286 362 2347 Gur
382 2305 462 2367 ergo
484 2292 554 2346 tuus
577 2286 745 2347 monaroha
771 2288 804 2346 in
831 2288 868 2345 iis
891 2293 939 2347 est
959 2293 1022 2347 tem
1044 2289 1225 2367 negotiosus

303 2378 334 2431 et
354 2377 565 2450 sumptuosus,
586 2367 613 2431 si
635 2370 739 2431 otiosa
755 2376 788 2430 et
807 2368 917 2430 relieta
937 2377 1023 2447 sunt,
1053 2371 1140 2429 iuxta
1161 2388 1226 2429 ver-

304 2454 375 2514 bum
400 2452 506 2514 tuum?
528 2452 591 2514 Sed
612 2471 668 2513 our
688 2471 751 2514 non
775 2461 859 2515 esset
869 2454 1050 2533 negotiosus
1073 2463 1104 2515 et
1125 2471 1226 2533 sump-

303 2544 429 2614 tuosus,
466 2537 518 2615 qui
537 2536 669 2597 Emsero
698 2538 846 2617 magistro
875 2536 1004 2597 doeetur
1025 2534 1228 2616 relinquendo

303 2637 366 2683 nou
388 2620 576 2699 relinquere,
597 2626 629 2679 et
641 2621 743 2680 otiose
755 2620 921 2700 negotiose
933 2620 1059 2701 hebere,
1084 2627 1116 2681 ut
1137 2620 1227 2680 simui

304 2706 342 2763 sit
364 2710 454 2763 vetus
475 2703 569 2783 mola,
590 2702 698 2764 relieta
720 2710 752 2764 et
771 2722 836 2764 non
853 2702 971 2783 reliota,
994 2706 1096 2765 otiosa
1112 2711 1142 2764 et
1163 2720 1226 2763 non

304 2786 431 2848 otiosa?
473 2784 569 2847 Vides
595 2805 686 2867 ergo,
720 2805 812 2866 quem
835 2786 944 2848 Emser
977 2794 1008 2849 et
1029 2780 1141 2848 Paulus
1169 2784 1226 2847 sibi

304 2870 456 2949 quadrent
477 2868 625 2950 pulohre?
646 2869 715 2931 Tibi
737 2870 872 2931 deterior
893 2876 940 2931 est
962 2890 1057 2933 osusa
1076 2873 1150 2932 novi
1171 2869 1228 2929 'Pe-

304 2953 464 3031 stamenti,
502 2954 562 3013 nisi
589 2954 630 3015 sit
656 2973 712 3035 psr
740 2956 838 3013 veteri
864 2955 896 3013 in
928 2972 1044 3036 pompa
1066 2961 1097 3015 et
1117 2959 1226 3014 saneto

304 3038 447 3116 seeulori,
467 3036 565 3097 Paulo
587 3055 662 3098 vero
682 3036 892 3118 ignominiose
913 3043 975 3115 est,
1003 3038 1029 3097 si
1052 3056 1113 3117 par
1127 3037 1227 3096 fuerit

384 3121 484 3182 Porro
500 3138 570 3181 oum
591 3120 656 3181 illio
676 3119 839 3200 spostolus
860 3136 975 3181 novum
996 3119 1227 3180 Testamentum

305 3222 344 3263 ex
363 3204 507 3285 professo
531 3209 651 3281 treotet,
672 3202 913 3285 pontiflaemque
934 3202 1015 3263 illius
1028 3202 1228 3263 monareham

306 3286 469 3366 describat,
490 3286 601 3347 fefellit
620 3306 679 3348 nos
701 3295 794 3366 oerte,
817 3294 1069 3367 neoargumento
1082 3291 1227 3366 suseepto

306 3371 468 3449 satisfeoit,
501 3370 585 3449 quod
612 3390 676 3433 non
708 3372 801 3432 etism
824 3371 946 3431 Petrum
974 3380 1027 3433 aut
1053 3373 1226 3433 Romanum

305 3453 484 3532 pontifloem
505 3454 595 3516 nobis
617 3456 816 3516 monaroham
838 3454 1050 3516 seeundarium
1074 3470 1228 3516 sommen-

306 3536 405 3616 dovit,
440 3539 621 3618 praesertim
641 3556 710 3599 oum
738 3541 765 3599 is
786 3538 932 3599 ertioulus
963 3541 1040 3599 tanti
1073 3558 1143 3599 esse
1164 3552 1228 3597 mo·

307 3622 401 3681 menti
424 3626 556 3701 putetur,
578 3627 613 3682 ut
632 3620 711 3683 tides
732 3629 765 3683 et
780 3640 895 3683 novum
907 3622 1137 3684 Testamentum
1160 3622 1228 3681 sine

306 3704 359 3764 iilo
384 3704 552 3765 subsistere
572 3724 636 3766 non
657 3707 787 3785 possint,
810 3712 918 3767 ruente
938 3707 1089 3784 nimirum,
1112 3706 1138 3765 si
1150 3722 1228 3765 uuus

306 3786 452 3848 artioulus
473 3785 546 3848 fidei
566 3796 644 3869 ruat,
667 3796 734 3849 tota
753 3788 824 3853 fide.

390 3871 451 3932 Sed
473 3874 554 3953 sine,
577 3873 662 3934 eaeoi
684 3878 809 3933 suntet
832 3872 926 3933 duoes
956 3888 1135 3949 esseorum,
1164 3877 1228 3931 ten·

382 4040 413 4107 ⁸)
434 4043 503 4097 esu.
524 4042 586 4099 132.
625 4043 670 4111 ⁸⁸)
688 4042 788 4100 utcu.
808 4044 834 4097 s.
