3159 4792
358 528 421 599 316
654 535 751 592 Oratio
769 536 805 592 D.
826 536 861 591 ll.
879 535 991 591 lutheri

360 739 542 800 quamquam
588 720 738 782 Auriiabri
759 700 952 801 ,exemplum
991 738 1122 799 sequens
1166 738 1280 779 annum

361 807 441 869 1538
465 804 618 884 praeferre
639 804 778 880 videtur,
808 802 915 884 aperte
938 802 1111 886 profitetur,
1142 803 1191 862 cui
1214 803 1281 882 ipse

359 907 442 947 auno
464 886 544 947 hanc
572 888 741 947 orationem
764 887 949 967 adscriptam
972 886 1054 949 velit.
1097 885 1281 946 Recentissi-

360 971 417 1030 mis
451 970 583 1049 denique
610 970 799 1049 temporibus
818 970 855 1033 K.
878 970 909 1031 F.
931 969 986 1031 Th.
1009 968 1195 1043 Schneider,
1217 968 1281 1027 Lic.
1385 1024 1386 1029 ,

360 1053 453 1116 theol.
487 1058 518 1112 et
545 1054 699 1114 seminarii
729 1054 806 1134 regii
827 1053 1062 1114 Neowiedensis
1098 1059 1220 1127 rector,
1251 1051 1281 1110 in

360 1136 453 1197 libro:
477 1135 627 1212 „Luthers
648 1136 832 1197 Promotion
854 1157 922 1197 zum
946 1136 1063 1196 Ductor
1083 1133 1145 1194 und
1167 1133 1282 1194 Melan-

359 1218 452 1280 thous
490 1239 558 1279 uum
596 1219 819 1281 Baccalaureus
859 1219 913 1280 der
950 1218 1130 1299 Theologie.
1185 1216 1283 1277 Nebst

360 1302 437 1361 zwei
459 1300 561 1362 bisher
583 1302 814 1383 ungedruckten
837 1303 957 1363 Briefen
979 1301 1185 1362 Melanthons.
1223 1299 1281 1358 Ein

360 1385 518 1464 Festgruss
541 1405 579 1445 an
602 1384 652 1446 die
674 1385 897 1467 hochwttrdigs'
918 1383 1130 1464 theologische
1143 1382 1283 1444 Facultat

360 1487 397 1526 zu
419 1467 520 1528 Berlin
543 1487 592 1528 am
621 1473 667 1532 15.
679 1467 747 1528 051.
772 1471 862 1534 1860.
884 1466 1034 1529 Neuwied
1048 1466 1146 1531 leod·
1169 1465 1282 1545 insigni

359 1551 473 1631 ingenii
495 1552 637 1612 acumine
664 1570 702 1612 ac
728 1570 851 1615 summa
882 1551 1042 1632 diligentia
1069 1550 1283 1609 demonstrare

361 1653 398 1694 ac
420 1635 551 1714 probare
575 1634 705 1710 studuit,
727 1634 809 1695 hauc
832 1636 1002 1695 orationem
1027 1634 1111 1695 omni
1134 1651 1174 1692 ex
1195 1637 1284 1711 perte

360 1735 429 1775 cum
451 1716 573 1777 liutheri
604 1716 782 1778 conditione
811 1736 889 1797 quae
910 1736 939 1779 a.
964 1718 1042 1781 1512
1065 1723 1129 1776 erat
1152 1733 1283 1795 congru·

360 1818 411 1859 ere
439 1806 531 1877 atque
565 1800 725 1880 plurimum
760 1800 865 1861 valere
894 1799 933 1860 ad
955 1800 1076 1859 Luthen'
1111 1798 1283 1858 doctrinam

359 1888 451 1961 atque
473 1884 607 1942 animum
630 1884 681 1962 qui
720 1889 792 1942 lunc
821 1890 886 1944 erat
903 1882 1101 1963 aperiendum
1125 1888 1219 1960 atque
1242 1882 1284 1939 in·

359 1963 532 2029 dicandum.
1241 1970 1244 1975 '

442 2049 475 2106 ln
498 2047 557 2108 hac
578 2054 664 2108 tanta
681 2048 813 2107 virorum
826 2047 1072 2109 doctissimorum
1088 2045 1284 2106 dissensione
1398 2082 1400 2137 ς

359 2130 497 2210 nosipsi
529 2132 675 2210 optimum
698 2130 780 2191 iactu
805 2131 962 2207 duximus,
998 2130 1082 2190 illam
1110 2130 1285 2189 orationem

359 2231 420 2273 nou
463 2233 607 2293 separare
640 2234 659 2273 a
687 2214 808 2274 Lutheri
843 2212 1108 2294 Disputat-ionibus
1151 2212 1286 2289 huicque

358 2296 506 2355 volumini
528 2298 721 2375 interserere,
744 2304 836 2377 atque
859 2304 930 2358 ante
952 2299 1035 2376 ipsas
1059 2295 1216 2356 collocare
1230 2294 1285 2355 Lu·
1401 2306 1402 2309 ’

313 2452 315 2456 .
360 2379 437 2438 theri
460 2379 691 2459 Disputationes
724 2381 797 2440 inde
828 2380 866 2441 ab
904 2398 987 2440 anno
1011 2380 1090 2443 1519
1112 2396 1212 2456 usque
1247 2377 1284 2438 ad

358 2481 470 2522 annum
496 2462 734 2539 15451551155,
764 2482 843 2542 quae
864 2464 914 2523 hic
941 2461 1110 2522 secundum
1139 2460 1285 2521 editionis

358 2544 438 2623 Opp.
454 2543 541 2603 Luth.
555 2545 699 2605 lenensis
716 2546 891 2626 exemplum
906 2547 1088 2606 coniunctae
1108 2543 1284 2607 redduntur.

440 2626 570 2686 'l'extum
594 2627 682 2686 huius
702 2629 850 2688 orationis
872 2627 1081 2688 recudendum
1111 2628 1285 2686 curavimus

357 2727 398 2766 ex
425 2707 559 2769 Schntzii
590 2708 688 2770 libro:
726 2711 784 2786 „D.
808 2710 894 2773 Mart.
916 2711 1044 2772 Luthers
1072 2709 1287 2790 ungedruckte

357 2790 490 2868 Briefe,“
513 2799 619 2871 utpote
641 2793 692 2871 qui
716 2813 783 2852 earn
808 2796 978 2874 exscriptis
1000 2792 1039 2854 ab
1052 2791 1217 2854 Aurifabro
1241 2813 1284 2853 re·

359 2873 438 2933 lictis
478 2875 593 2954 primus
624 2876 654 2934 in
677 2875 776 2936 lucem
807 2877 982 2956 protulerit,
1017 2882 1107 2937 notas
1130 2884 1232 2935 autem
1256 2883 1286 2935 et

359 2957 568 3037 coniecturas,
601 2978 677 3037 quas
699 2959 868 3020 Schneider
889 2965 1005 3020 textum
1029 2959 1234 3019 illustraturus
1256 2966 1287 3018 et

359 3040 575 3101 emendaturus
597 3042 628 3101 in
651 3040 729 3103 libro
758 3062 831 3120 suo,
854 3062 945 3121 quern
968 3062 1060 3123 supra
1081 3041 1286 3119 laudavimus,

358 3124 455 3182 textui
470 3127 550 3204 typis
573 3126 703 3205 repetito
727 3125 893 3205 adspersit,
927 3128 957 3185 in
981 3126 1119 3205 margine
1140 3126 1287 3185 inferiore

358 3208 607 3285 conscripsimus.

737 3324 898 3406 Oratio

357 3440 682 3503 reverendissimi
716 3443 845 3505 Patris
879 3444 917 3503 D.
939 3443 1096 3505 Martini
1125 3445 1285 3509 Lutheri

748 3543 886 3605 habita

410 3643 447 3702 in
471 3644 721 3722 promotione
743 3644 949 3704 Doctorali
971 3643 1226 3725 Theologiae.

443 3775 495 3837 Sic
516 3776 599 3837 iubet
624 3797 690 3837 uros
715 3778 876 3841 laudabilis
899 3785 929 3839 et
952 3780 1099 3840 maiorum
1123 3781 1286 3858 autoritas,

358 3864 400 3933 ut,
423 3861 474 3936 qui
497 3860 578 3919 lrunc
600 3860 727 3942 gradum
744 3871 771 3922 et
787 3862 987 3936 functionem,
1011 3870 1043 3921 ut
1065 3868 1188 3937 vocant,
1212 3863 1285 3924 doc-

358 3940 486 4000 toralem
510 3945 696 4024 suscipiant,
735 3947 863 4025 primurn
895 3962 998 4005 sacras
1028 3946 1145 4005 litteras
1175 3948 1285 4025 paucis

359 4022 553 4104 breviterque
572 4046 676 4089 coram
698 4028 760 4089 hoc
774 4046 939 4089 consesssu
954 4026 1181 4094 commendent.
1206 4029 1285 4091 Cum
