3159 4792
327 450 473 517 10¹
648 454 848 524 .upntsn

329 640 545 713 eonstitutum,
577 638 776 718 additumque
796 639 826 722 ¹)
857 640 968 702 eodem
989 642 1057 701 Deo
1079 647 1186 703 autore
1209 640 1249 701 ad

328 723 459 803 gloriam
482 727 514 781 et
535 722 678 783 deaorem
702 723 866 785 saoerdotii
888 732 1028 784 ornatum
1051 745 1090 784 ex
1104 743 1250 803 purpura,

328 804 481 892 dibapha,
511 804 622 885 bysso,
644 811 791 885 argento,
815 809 945 888 gemmis
970 813 1000 867 et
1021 826 1111 886 auro,
1144 809 1250 887 sieque
1357 803 1362 811 ’

328 888 518 967 pontificium
540 889 616 949 illud
638 910 692 969 per
708 910 816 949 manus
840 890 982 950 traditum
1005 889 1043 950 sd
1058 890 1247 971 caypham)

327 990 425 1050 usque
453 970 661 1033 descendisse.
705 971 763 1047 Qui
785 974 859 1033 lieet
889 975 953 1033 vita
980 973 1129 1034 eoelestus
1159 974 1250 1051 foret,

328 1055 402 1132 qula
422 1062 524 1115 temen
547 1074 711 1119 suecessor
732 1064 798 1116 erut
820 1057 940 1133 Aaron,
963 1062 995 1117 et
1015 1057 1155 1135 pontifex
1177 1057 1250 1117 anni

213 1172 216 1178 ‚
326 1138 424 1212 illius,
459 1139 672 1218 prophetavit,
704 1146 736 1201 et
756 1139 894 1200 Christus
924 1139 1024 1205 sidem
1054 1139 1181 1200 subesse
1210 1139 1249 1199 ad

327 1227 458 1281 mortem
491 1240 588 1301 usque
616 1225 714 1283 nostri
735 1242 830 1284 eausa
852 1242 914 1283 non
938 1222 1071 1299 erubuit,
1108 1222 1249 1282 iudicans

327 1305 489 1387 nimirum,
513 1325 553 1365 ue
575 1323 633 1367 nos
655 1308 746 1366 etiarn
770 1307 886 1385 pudeat
914 1307 960 1366 sui
982 1324 1075 1366 eausa
1098 1304 1249 1382 Pontifici,

307 1382 400 1447 ‘huet
421 1388 581 1467 improbo,
605 1407 674 1449 esse
697 1388 861 1452 suhieotos.
891 1387 982 1463 Quod
1005 1394 1036 1449 et
1058 1389 1164 1449 Petrus
1188 1408 1249 1449 ma·

328 1470 438 1530 nifeste
459 1472 623 1550 praecipit,
648 1478 679 1531 et
698 1474 766 1552 ipse
788 1490 912 1551 quoque
935 1472 1098 1532 mandasse
1119 1471 1249 1549 videtur,

328 1572 396 1613 oum
419 1554 480 1612 ait:
514 1552 613 1636 Super
642 1555 788 1615 cathedra
810 1556 889 1617 Mosi
907 1555 938 1633 ³)
963 1554 1109 1615 sederunt
1130 1555 1250 1615 scribae

326 1644 359 1696 st
391 1636 565 1712 Pharisaei,
605 1641 711 1698 omnia
746 1658 838 1719 ergo,
883 1656 1084 1717 quaeeunque
1117 1637 1251 1698 dixerint

327 1718 433 1797 vobis,
467 1727 589 1780 servate
622 1728 653 1780 et
685 1721 794 1799 facite,
835 1721 1003 1783 seeundum
1038 1740 1135 1801 opera
1173 1740 1248 1782 vero

326 1820 432 1862 eorum
455 1803 553 1862 uolite
574 1802 686 1866 faeere.

409 1884 512 1959 Quare
533 1885 624 1946 faoile
646 1887 719 1946 milri
740 1886 924 1965 persuadeo,
947 1906 1016 1945 oum
1039 1885 1176 1947 inferiori
1198 1904 1250 1947 ve·

325 1969 398 2026 teris
420 1967 615 2029 Instrumenti
645 1970 749 2030 molae
771 1970 894 2048 penitus
916 1970 1038 2030 otiosae
1060 1988 1097 2028 ao
1124 1968 1249 2029 tandem

324 2048 491 2110 derelictae
523 2057 628 2112 tantm
662 2053 763 2114 honos
790 2052 880 2113 luerit
910 2052 1049 2130 habitus,
1082 2053 1248 2131 superioris

324 2133 434 2207 etiarn,
479 2135 552 2194 novi
588 2134 705 2196 scilieet
741 2136 949 2213 Testamenti,
992 2153 1117 2197 eausam
1153 2135 1250 2196 nihilo

324 2216 392 2275 fore
426 2215 626 2297 deteriorem,
665 2218 721 2278 sed
753 2238 905 2279 summum
939 2219 1035 2297 ipsius
1068 2216 1249 2278 Pontifioem

323 2318 386 2358 una
405 2318 475 2359 eum
497 2301 727 2362 successoribus
748 2302 811 2363 suis
831 2302 977 2381 legitimis
999 2301 1081 2381 pari,
1112 2304 1166 2360 aut
1186 2300 1250 2361 feli-

325 2382 400 2442 aiori
423 2384 516 2442 etiam
539 2383 643 2461 modo,
666 2391 729 2447 tarn
753 2404 909 2445 sacrorum
926 2383 1135 2465 Consiliorum
1156 2384 1248 2443 iuter·

324 2467 515 2544 pretatione,
539 2486 630 2544 quam
652 2468 704 2529 vel
724 2467 794 2528 sola
814 2467 874 2528 hae
897 2466 1007 2528 Christi
1030 2485 1121 2527 vooe:
1151 2466 1249 2527 Pasoe

325 2567 400 2607 oves
424 2567 519 2625 meas,
542 2569 560 2609 a
584 2550 650 2611 Deo
674 2558 705 2611 et
725 2552 791 2611 iure
814 2550 918 2611 divino
942 2551 1036 2610 fuisse
1057 2550 1247 2609 institutum:

326 2649 429 2691 mores
462 2651 535 2691 vero
558 2632 741 2693 Pontifiaum
763 2633 913 2713 paseeudi
937 2633 1145 2711 semetipsos
1177 2632 1246 2712 plus

323 2730 415 2791 quam
439 2733 530 2791 oves,
562 2716 703 2795 piscandi
731 2718 796 2777 auri
824 2717 893 2796 plus
922 2734 1013 2794 quam
1035 2715 1250 2793 hominum,a

323 2795 448 2857 diaholo
491 2816 560 2857 esse
600 2799 739 2860 subditos
751 2798 806 2877 ⁴),
850 2799 1113 2878 pastoriciumque
1156 2798 1249 2878 plane

324 2878 528 2940 adulterinum
550 2900 588 2941 ao
609 2885 744 2961 peccatis
767 2883 881 2943 nostris
902 2881 982 2943 forte
1004 2881 1150 2941 debitum.
1188 2881 1249 2941 Hu-

310 2963 407 3042 ‚mani
429 2971 532 3024 autern
566 2965 639 3024 iuris
667 2986 735 3027 esse
757 2967 940 3026 electionem
969 2966 1069 3044 ipsam
1090 2962 1248 3025 Pontifleis

325 3047 468 3122 maximi,
497 3067 517 3107 a
538 3049 628 3128 signo
650 3070 714 3109 uon
736 3051 874 3126 aberrat,
908 3050 973 3108 sive
1001 3048 1068 3127 quis
1091 3065 1248 3108 suaoesso·

325 3147 389 3187 rem
412 3128 469 3189 sibi
491 3128 559 3209 ipse
579 3140 753 3211 nuncupet,
775 3139 809 3192 ut
830 3132 936 3191 Petrus
959 3130 1160 3207 Clementem,
1182 3131 1248 3189 sive
1356 3172 1361 3179 ,

325 3212 485 3280 universus
508 3213 656 3291 populus,
678 3221 712 3274 ut
733 3215 817 3292 olim,
841 3215 907 3274 sive
929 3221 1045 3275 tanturn
1068 3210 1185 3290 Olerus,
1208 3232 1247 3271 ex

324 3292 434 3372 hisque
456 3294 514 3354 soli
531 3294 719 3374 cardinales,
743 3305 775 3358 ut
789 3296 892 3369 hodie,
916 3294 1247 3377 suffragiaoonferaut:

325 3377 391 3436 sive
427 3376 458 3435 id
498 3379 691 3457 imperatoris
719 3383 811 3441 etiam
841 3382 925 3441 iussu
956 3379 1009 3439 liat
1036 3379 1086 3439 vel
1120 3380 1247 3440 iniussu.

325 3459 438 3520 Omnia
460 3461 540 3519 enim
564 3462 623 3523 isia
644 3463 767 3524 divinae
788 3463 979 3525 Comoedias
1001 3464 1158 3525 servire⁵l
1184 3481 1248 3521 soe-

325 3562 385 3603 uae
413 3549 445 3602 et
474 3562 531 3622 pro
559 3551 698 3626 tempore
726 3548 854 3626 variari,
888 3547 964 3607 nihil
992 3546 1092 3608 refert.
1141 3544 1248 3624 Neque

400 3818 429 3880 1)
449 3819 480 3870 In
500 3818 542 3871 ed.
562 3817 648 3873 deux*
661 3818 831 3887 aditumque.
880 3819 908 3885 2)
928 3816 1009 3886 Apud
1029 3814 1156 3868 huarch:
1177 3814 1249 3881 Gay-

325 3889 419 3956 phem.
457 3890 490 3953 3)
514 3889 598 3943 thiu:
619 3891 706 3943 lloisi.
745 3891 774 3957 4)
795 3890 877 3943 lbid.:
898 3889 1070 3944 subditicios.
1107 3886 1140 3949 5)
1164 3886 1248 3939 lued.

328 3960 390 4013 Jen·
408 3963 557 4015 commatis
576 3964 688 4031 siguum
706 3964 821 4031 ponitur
838 3966 903 4030 post
922 3956 1102 4017 vocabulum:
1133 3961 1247 4013 servire.
