3159 4792
589 530 683 587 libror.
701 530 735 586 D.
754 531 835 586 Mart·
851 532 971 587 intueri
1180 530 1242 595 175

402 719 526 777 niellses
548 724 579 778 et
601 718 803 779 Colonienses
823 717 914 777 lacta
936 717 1110 797 Responsio
1132 716 1239 777 Luthe-

402 802 491 859 riana
521 800 560 861 ad
592 802 722 862 eandem
753 801 1075 863 condemnationem·
1104 800 1241 860 Vuitten·

402 882 534 963 bergas,
556 884 638 963 apud
651 884 857 945 'Melchiorem
878 884 1056 944 Lottherum
1077 884 1241 962 Iuniorem,

402 966 494 1027 Anno
516 967 607 1048 Ml).
630 968 699 1046 XX,
717 969 747 1029 4.
772 968 906 1047 (Panzer
921 969 1001 1027 Anu.
1018 974 1082 1047 typ.
1095 966 1147 1046 IX,
1168 970 1239 1040 76).

361 1068 597 1127 Vetustissimos
623 1070 687 1127 eius
709 1067 777 1128 libri
799 1067 950 1129 editiones
973 1075 1061 1128 sunt:

404 1166 629 1228 Condemuetio
659 1168 837 1229 doctrinalis
864 1159 1021 1229 Librorum
1043 1168 1164 1227 Martini
1185 1167 1240 1226 Lu-

404 1250 493 1327 theri,
515 1270 570 1333 per
591 1252 739 1330 quosdam
752 1250 916 1331 Magistros
938 1250 1241 1313 nostrosLovanien.

405 1341 437 1393 et
465 1334 625 1397 Colonien.
661 1334 750 1397 facta.
793 1334 967 1414 Responsio
990 1334 1173 1394 Lutheriana
1201 1332 1240 1393 ad

404 1414 535 1477 eandem
567 1416 866 1480 condemnationem.
919 1425 960 1493 (s.
984 1416 1018 1499 l.)
1040 1417 1079 1477 Μ.
1101 1416 1138 1476 D.
1175 1416 1241 1477 XX.

407 1500 440 1559 ln
463 1498 539 1561 fine:
562 1500 641 1561 Laus
665 1500 734 1563 deo.
756 1504 784 1563 4.

879 1599 1014 1680 (Panner
1033 1599 1085 1678 IX,
1109 1598 1200 1681 122).

404 1699 629 1761 Condemnatio
657 1699 836 1761 doctrinalis
862 1700 1009 1761 librorum
1036 1700 1157 1761 Martini
1186 1699 1241 1759 Lu·

405 1782 483 1843 theri
518 1804 573 1864 per
601 1783 751 1863 quosdam
774 1784 938 1864 Magistros
966 1796 1090 1844 nostros
1111 1783 1241 1843 Lovani·

404 1884 495 1927 enses
517 1875 549 1927 ct
570 1867 773 1927 Colonienses
795 1868 887 1929 lacta.
930 1866 1104 1945 Responsio
1131 1867 1239 1927 Lutlre-
1268 1864 1274 1871 ”

405 1952 492 2011 riaua
505 1950 545 2011 ad
560 1948 689 2010 eandem
712 1949 1019 2028 condemnationem,
1040 1950 1090 2010 Ad
1108 1950 1241 2011 Christo-

404 2032 535 2113 phorum
559 2034 724 2112 Blancuur,
748 2033 768 2093 I.
791 2034 828 2094 U.
850 2033 964 2095 Licent.
987 2032 1073 2095 Witt.
1098 2035 1187 2098 1520.
1209 2035 1240 2095 4.

569 2125 615 2194 (v.
638 2115 667 2179 d.
690 2116 787 2177 Hardt
806 2117 936 2196 Antogr.
959 2115 1046 2176 Luth.
1067 2115 1104 2194 ll,
1127 2115 1198 2197 68).

401 2214 630 2277 ¹Condemnatio
665 2216 843 2277 doctrinalis
868 2216 1013 2276 librorum
1035 2205 1156 2276 Martini
1184 2216 1241 2277 Lu·

403 2298 483 2359 theri
511 2319 568 2380 per
594 2300 753 2379 quosdam¹
778 2300 942 2380 Magistros
969 2299 1177 2359 Lovanienses
1212 2307 1243 2359 et

405 2382 607 2445 colonienses
634 2383 723 2443 facta.
766 2384 828 2443 Res
851 2384 940 2444 onsio
961 2382 1084 2443 liutheri
1110 2381 1150 2441 ad
1172 2402 1242 2443 ean·

406 2464 476 2525 dem
491 2467 791 2528 condemnationem.
820 2403 983 2527 deleetadii
1004 2465 1240 2546 apudLazarnm

403 2547 595 2610 Sohurerium
624 2551 655 2610 in
677 2552 807 2631 gratiam
835 2552 991 2629 utriusque
1013 2550 1118 2629 partis.
1140 2549 1181 2609 M.
1203 2550 1241 2610 D.

402 2630 470 2693 XX.
514 2632 550 2695 In
578 2632 654 2693 fine:
709 2632 871 2694 Selestadii
904 2635 936 2693 in
969 2630 1096 2694 aedibus
1134 2633 1241 2693 Lazari

402 2714 555 2776 Schurerii
586 2717 692 2776 Mense
713 2717 795 2778 Maio
817 2717 856 2778 M.
879 2716 916 2780 D.
937 2714 1008 2779 XX.
1050 2715 1085 2777 In
1112 2718 1240 2797 gratiam

404 2800 684 2880 utriusquepartis.
708 2803 737 2863 4.
867 2800 1001 2877 (Panzer
1021 2800 1086 2880 Vll,
1109 2799 1198 2882 291.)

405 2897 457 2983 (In
479 2900 538 2960 hac
570 2920 663 2963 causa
684 2901 808 2961 Lutheri
835 2918 904 2959 cum
929 2900 1178 2961 *Lov'anieneibns
1213 2907 1244 2960 et

318 3000 563 3062 Coloniensibus'
586 3008 675 3081 gesta
702 3000 882 3082 prodierunt
909 3003 1001 3061 etiam
1030 3001 1063 3060 hi
1091 2999 1159 3060 libri
1180 3018 1242 3060 me·

316 3092 438 3145 moratu
461 3082 564 3165 digni:

403 3184 520 3245 Contra
559 3184 761 3245 doctrinalem
800 3183 992 3265 quorundam
1026 3183 1241 3264 Magistrorum

404 3275 579 3328 nostrorum
597 3268 846 3348 damnationem,
875 3269 1076 3329 Iiovaniensis
1099 3275 1131 3327 et
1152 3268 1241 3329 Oolo·

404 3353 518 3411 niensis
541 3351 649 3429 studii,
679 3352 829 3413 iohannis
852 3352 1010 3413 Doeischii
1032 3352 1242 3413 Veltlrirclren-

406 3436 446 3495 sis
466 3454 484 3494 e
506 3436 599 3495 literis
622 3437 716 3495 sacris
738 3439 834 3516 petita
846 3436 996 3497 Defensio
1017 3454 1074 3515 pro
1098 3436 1241 3497 Christia-

403 3520 530 3578 nissimo
551 3526 754 3599 praeceptore
775 3540 831 3581 suo
849 3520 980 3581 Martino
993 3519 1133 3580 Luthero.
1159 3519 1243 3580 Vuit-

407 3602 573 3683 tcnbergac
597 3602 639 3685 (s.
664 3602 723 3689 a.)
745 3604 779 3663 ln
801 3603 877 3664 fine:
903 3606 978 3689 Θεῷ
1000 3601 1094 3677 δόξα.
1117 3604 1146 3665 4.
1176 3600 1242 3683 (Ti-

398 3692 453 3751 tuli
475 3690 589 3771 pagina
610 3690 704 3769 signis
727 3690 956 3770 typographicis
978 3692 1026 3748 cst
1047 3692 1183 3762 ornata).

407 3792 513 3854 Simon
537 3793 652 3854 Hessus
675 3794 808 3857 Luthero
831 3793 967 3853 ostendit
988 3810 1123 3873 caussas,
1147 3813 1241 3873 quare
1335 3851 1338 3858 .

407 3876 590 3938 Lutheriana
611 3879 759 3957 opuscula
790 3898 809 3938 a
831 3876 1068 3939 coloniensibus
1095 3887 1126 3938 et
1146 3878 1242 3939 Lova·

405 3961 561 4022 aiensibus
582 3963 644 4023 sint
661 3961 824 4025 combusta
844 3969 902 4023 etc.
946 3962 1093 4041 Dialogus
1108 3966 1241 4027 Simonis

407 4043 497 4106 Hessi
527 4053 558 4107 et
579 4047 699 4107 Martini
721 4045 844 4107 Lutheri
866 4046 1055 4107 Wormacie
1070 4066 1169 4129 nuper
1187 4050 1240 4108 ha·
