3159 4792
409 519 444 574 ds
463 518 511 574 illo
532 518 605 574 dicto
624 519 660 574 sd
678 520 743 576 Ebr.
766 520 811 578 13:
830 520 914 577 Dom.
930 521 989 577 Jes.
1010 522 1071 578 heri
1088 529 1138 579 etc.
1158 523 1230 589 ’453

371 710 418 772 10.
442 706 527 767 Siout
541 712 572 767 et
590 706 659 787 ipsa
676 706 851 769 Christiana
872 707 950 769 fides
964 710 1132 773 novissimo
1155 719 1228 773 tem-

305 810 381 871 pore
403 789 556 871 evangelii
579 789 727 851 innovata
756 790 876 852 desinet
896 793 928 852 in
951 791 1013 853 fine
1035 793 1149 855 mundi.
1192 830 1196 842 ·

371 877 418 937 11.
440 873 482 935 Ut
503 878 564 934 stet
551 872 657 933 illud
668 874 828 936 verissime
841 874 970 935 dictum:
994 876 1130 937 Christus
1142 877 1228 939 Iesus

305 954 371 1017 heri
395 962 426 1017 et
445 955 581 1034 hodie,
573 975 647 1036 rpse
663 958 722 1017 et'
714 976 746 1017 ιιι
768 958 884 1037 secula,
906 958 1017 1020 Ebrae.
1041 961 1090 1023 13.

369 1042 416 1103 12.
440 1038 627 1122 sinnam,
621 1039 721 1119 Noah,
744 1047 775 1101 ct
796 1041 847 1100 alii
861 1042 1054 1121 patriarchae
1076 1044 1228 1105 vixissent

306 1122 494 1203 temporibus
516 1111 676 1219 Abrahae,
712 1124 950 1204 promissionem
981 1144 1094 1187 novam
1116 1128 1227 1206 accipi·
1238 1162 1241 1168 ·

306 1211 409 1281 entes,
440 1206 627 1286 oportuisset
656 1225 710 1267 eos
733 1206 859 1268 credere
881 1227 919 1267 ex
942 1207 1087 1270 Abrahae
1110 1211 1228 1271 semine

304 1288 437 1349 futurum
461 1289 630 1369 Christum,
660 1296 713 1351 sut
734 1290 834 1351 Deum
857 1292 1077 1371 promissorem
1100 1293 1227 1353 seminis

303 1373 485 1436 amisissent.

369 1457 415 1519 13.
438 1455 471 1517 Si
491 1454 647 1516 Abraham
661 1456 788 1516 vixisset
801 1456 990 1535 temporibus
1003 1456 1113 1535 David
1137 1477 1226 1537 opor·
1252 1498 1255 1504 ‚

306 1540 415 1599 tuisaet
436 1558 505 1599 eum
529 1538 672 1617 credere,
706 1538 745 1599 ds
767 1539 865 1599 fructu
887 1541 1002 1600 ventris
1025 1504 1125 1600 David
1146 1541 1226 1601 futu-

304 1640 370 1682 rum
393 1640 462 1683 esse
484 1621 646 1700 Christum,
669 1628 722 1682 aut
735 1621 847 1682 frustra
860 1622 1070 1684 credidisset
1062 1642 1093 1682 ιιι
1117 1643 1224 1727 semen

305 1703 450 1767 mulieris.
728 1733 731 1737 ·

368 1786 416 1850 14.
440 1787 471 1849 si
482 1786 622 1848 David
594 1787 723 1848 vixisset
738 1794 878 1867 tempore
890 1787 1036 1849 Iohannis
1053 1790 1226 1869 Baptistae,

304 1871 493 1951 oportuisset
507 1890 576 1931 eum
589 1870 716 1931 credere
737 1872 767 1931 in
785 1871 897 1949 Iesum,
919 1890 1024 1932 semen
1047 1871 1130 1934 filiae
1151 1893 1226 1934 suae

304 1954 430 2033 Mariae,
454 1954 504 2014 vel
526 1954 677 2033 periisset.
938 2007 941 2014 .

369 2040 416 2101 15.
441 2036 472 2098 si
499 2037 655 2097 lohannes
688 2038 827 2118 Baptista
865 2043 937 2117 post
969 2040 1224 2100 resurrectionem

302 2118 424 2199 Christi,
446 2121 508 2180 imo
533 2138 589 2181 suo
604 2126 742 2201 tempore
761 2120 950 2198 credidisset,
974 2120 1127 2182 Christum
1150 2142 1223 2183 ven·

302 2205 421 2280 turum,
444 2222 498 2263 seu
521 2202 658 2266 noudum
681 2204 819 2280 venisse,
842 2203 1004 2265 damnatus
1026 2205 1142 2266 suisset.

365 2288 415 2351 16.
437 2286 560 2346 Frustra
581 2288 673 2366 igitur
694 2285 824 2347 credunt
845 2286 948 2347 iudaei
980 2287 1012 2346 in
1034 2287 1132 2347 Deum
1155 2308 1224 2367 pro·
1305 2319 1308 2326 ·

303 2369 465 2431 missorem
487 2369 638 2459 Messias,
677 2389 737 2449 qua
765 2368 827 2429 fide
856 2370 929 2430 olim
951 2375 1036 2431 recte
1059 2370 1225 2432 credebant

302 2459 405 2532 patres
429 2471 544 2517 eorum

364 2539 413 2600 17.
435 2535 557 2596 Frustra
583 2534 760 2595 Turcaet
729 2541 760 2596 et
781 2542 856 2615 gent
858 2554 890 2595 es
923 2534 1003 2596 aliae
1033 2535 1162 2596 credunt
1149 2538 1224 2597 tin

302 2618 400 2679 Deum
424 2625 593 2679 creatorem
616 2618 739 2691 mundi,
778 2618 850 2679 dum
874 2614 1015 2679 nesciunt
1054 2639 1123 2679 eum
1155 2640 1224 2681 esse

303 2704 524 2782 promissorem
548 2702 595 2762 vel
619 2664 821 2762 exhibitorem
837 2703 973 2780 seminis,
995 2703 1057 2762 imo
1082 2701 1224 2782 blasphe-

302 2791 403 2862 mant,
437 2805 507 2846 eum
528 2805 591 2845 non
615 2803 683 2859 esse
705 2804 745 2865 pa
747 2791 825 2843 trem
847 2784 959 2844 Christi
987 2784 1136 2864 unigeniti
1158 2785 1223 2846 filii.

366 2869 414 2932 18.
439 2868 528 2930 Frust
516 2874 562 2929 tra
577 2867 704 2929 credunt
747 2867 867 2947 apistae
888 2872 920 2925 et
944 2867 1101 2947 sophistae
1123 2867 1222 2927 Deum

301 2956 420 3033 patrem
443 2958 473 3012 et
495 2970 602 3012 omues
616 2888 770 3011 articuibs
799 2950 878 3010 alios
900 2947 971 3009 fidei
995 2956 1128 3028 nostrae,
1151 2950 1223 3009 dum

303 3041 452 3115 respuunt
476 3054 553 3116 opus
576 3034 688 3095 Christi
709 3052 765 3114 pro
788 3032 878 3093 nobis
900 3032 1067 3113 impletum.

369 3120 417 3182 19.
440 3118 562 3198 Negant
584 3119 665 3178 enim
687 3116 756 3178 sola
777 3115 849 3194 tide,
870 3135 936 3195 seu,
958 3114 1041 3194 quod
1063 3114 1216 3176 idemt
1167 3123 1225 3194 est,

303 3200 397 3261 solius
420 3201 531 3262 Christi
554 3219 648 3297 opere
671 3200 799 3280 impleto
822 3218 879 3259 nos
901 3198 1070 3259 iustificari
1166 3215 1168 3218 ·

365 3285 414 3350 20
434 3283 508 3357 Sola
529 3286 611 3344 enim
633 3283 716 3343 fide
708 3303 739 3343 ιιι
753 3282 916 3360 Christum,
937 3282 1011 3343 olim
1027 3281 1222 3362 promissum,

302 3385 385 3427 nunc
406 3367 523 3428 exhibit
510 3375 591 3446 tum,
619 3372 685 3427 tota
653 3366 847 3427 tecclesia
873 3366 912 3426 ab
934 3365 1021 3426 initio
1045 3364 1149 3425 muudi
1175 3385 1221 3425 us·

303 3468 364 3529 que
384 3450 414 3510 in
438 3450 530 3511 finem
552 3413 742 3510 iustihcatur

365 3533 414 3595 21.
438 3532 490 3595 Sic
518 3533 587 3593 sota
608 3531 683 3611 fide,
714 3539 874 3611 utusque
903 3532 1003 3610 ratio,
1037 3548 1138 3608 neque
1161 3529 1222 3609 lex,

303 3633 403 3693 neque
425 3615 625 3696 plenitudo
617 3636 686 3697 ipsa
714 3615 812 3694 legis,
850 3633 930 3693 quae
963 3613 1071 3673 dicitur
1099 3614 1222 3692 caritas,

303 3697 467 3778 quidquam
492 3700 606 3760 saciant
629 3697 669 3758 ad
692 3696 953 3759 iustificationum.

365 3783 414 3847 22.
436 3782 526 3843 Fides
566 3783 647 3842 euim
686 3788 757 3843 anto
791 3799 879 3861 spem
914 3787 945 3839 et
933 3780 1134 3839 tcaritatem
1157 3779 1225 3839 sola

304 3866 416 3945 accipit
453 3866 665 3927 remissionem
706 3869 923 3944 peccatorum,
961 3869 1088 3943 propter
1121 3862 1221 3922 solum

303 3948 405 4009 Christ
393 3955 472 4029 tum,
507 3948 654 4027 facitque
669 3967 724 4026 per
753 3944 886 4007 eundem
907 3965 1070 4027 personam
1093 3952 1222 4027 gratam,

295 4037 375 4093 ‚aute
399 4038 430 4092 ct
451 4030 569 4112 absque
592 4032 727 4093 caritatis
750 4030 914 4091 merito.
