3159 4792
347 474 411 545 330
698 480 907 553 Disputationes

348 670 475 747 homini,
498 671 548 748 qui
571 670 724 733 maiestati
735 670 893 735 Pontificis
915 670 1121 735 contrairem?
1143 689 1163 731 a
1185 671 1273 735 euius

350 752 429 814 facie
451 772 513 813 non
538 754 637 815 selum
659 774 748 835 reges
772 762 918 819 terrarum
940 762 972 815 et
992 762 1076 816 totus
1097 754 1192 830 orbis,
1216 752 1272 815 sed

347 837 447 917 ipsum
471 836 590 896 eoelum
614 845 645 897 et
668 840 745 898 trina
769 844 820 913 (ut
841 836 969 921 dieitur)
994 858 1095 899 rerum
1128 837 1274 897 maehina

348 918 512 1001 pavebant,
534 925 566 979 et
586 920 624 980 ab
648 923 712 981 eius
735 930 809 981 nutu
831 920 1015 1001 pendebant.

431 1001 518 1077 Quae
540 1010 571 1063 et
593 1004 696 1082 qualia
718 1023 890 1065 cormeum
913 1005 972 1065 isto
996 1005 1093 1084 primo
1109 1010 1141 1063 et
1163 1022 1274 1063 secun-

348 1086 389 1147 do
411 1104 493 1145 anno
515 1105 639 1165 passum
661 1087 765 1166 luerit,
799 1094 975 1167 quantaque
995 1088 1085 1147 suerit
1107 1106 1181 1147 mea
1208 1093 1272 1147 tum

348 1188 410 1230 nou
434 1166 505 1228 fieta
525 1168 695 1248 humilitas,
725 1190 763 1231 ac
784 1190 864 1251 pene
886 1168 1080 1251 desperatio,
1117 1171 1156 1229 ah
1180 1188 1273 1248 quam

348 1271 454 1332 parum
477 1260 590 1311 norunt
609 1252 668 1329 illi,
696 1255 748 1333 qui
770 1260 881 1333 postea
903 1254 1092 1321 vulneratam
1113 1252 1272 1332 pontilicis

348 1335 540 1395 maiestatem
563 1342 732 1415 coeperunt
741 1336 960 1416 superbissime
975 1334 1133 1411 invadere,
1156 1344 1272 1395 etcum

347 1436 410 1478 non
439 1418 587 1479 fecissent
617 1419 675 1479 hos
709 1419 879 1480 versiculos
916 1417 967 1501 (ut
998 1418 1127 1499 Vergilii
1166 1419 1273 1479 verbis

347 1499 444 1583 utar),
466 1502 599 1562 tulerunt
620 1507 722 1563 tamen
744 1502 896 1580 honores,
927 1522 1005 1584 quos
1028 1509 1131 1563 tamen
1152 1501 1217 1561 illis
1241 1502 1273 1563 li·

347 1583 455 1645 benter
473 1584 627 1647 favebam.
1333 1652 1334 1655 Ἴ

428 1668 496 1744 Ego
519 1686 603 1746 vero,
625 1667 696 1728 dum
717 1668 762 1728 illi
779 1674 969 1749 spectatores
983 1675 1095 1744 essent,
1119 1673 1150 1727 et
1173 1688 1270 1727 unum

346 1770 397 1810 me
419 1750 562 1811 sinebant
571 1750 746 1831 periclitari,
768 1755 830 1815 tam
853 1752 962 1830 laetus,
985 1750 1145 1812 confidens
1158 1756 1191 1811 et
1207 1770 1272 1811 cer·
1330 1770 1337 1783 ·

347 1841 395 1894 tus
417 1834 544 1912 nonfui,
568 1834 754 1894 multaenim
776 1834 967 1915 ignorabam,
990 1852 1069 1913 quae
1086 1852 1170 1893 nunc
1193 1836 1272 1894 seio.

345 1916 489 1997 Denique
511 1916 549 1977 de
571 1916 781 1997 indulgentiis,
805 1918 877 1997 quid
900 1924 1020 1995 essent,
1043 1934 1169 1997 prorsus
1193 1917 1271 1977 nihil

348 1998 493 2076 sciebam,
516 2001 594 2059 sieut
616 2019 675 2060 nee
695 2002 762 2081 ipse
785 2008 867 2061 totus
890 2006 1020 2081 papatus
1045 2001 1208 2079 quicquam
1233 2000 1272 2060 de

348 2083 392 2143 eis
414 2082 540 2156 sciehat,
566 2089 681 2143 matum
704 2103 760 2143 usu
783 2084 964 2145 colebantur
986 2089 1017 2144 et
1036 2083 1272 2145 consuetudine.

346 2164 420 2225 Ideo
443 2184 506 2225 non
529 2165 732 2245 disputabam,
754 2173 787 2227 ut
801 2186 854 2227 eas
877 2167 1028 2243 tollerem,
1052 2164 1106 2226 sed
1122 2167 1273 2246 cumpul-

347 2248 420 2309 chre
441 2249 565 2327 aeirem,
600 2249 672 2328 quid
700 2268 762 2311 non
793 2256 912 2327 essent,
951 2248 1111 2329 cupiebam
1141 2248 1273 2329 discere,

348 2330 493 2411 quidnam
515 2339 629 2393 essent.
671 2332 803 2395 Etcum
822 2333 960 2415 Magistri
984 2333 1090 2392 mortui
1106 2351 1160 2392 seu
1185 2334 1272 2410 muti,

348 2415 379 2474 id
404 2421 468 2491 est,
500 2415 566 2475 libri
589 2414 804 2497 theologorum
828 2422 858 2476 et
887 2416 1078 2494 iuristarum,
1113 2415 1187 2475 mihi
1209 2435 1273 2475 non

285 2525 289 2532 ·
348 2498 570 2575 satisfacerent,
593 2498 685 2561 statui
707 2501 795 2560 vivos
816 2498 988 2575 consulere,
1011 2503 1042 2560 et
1053 2499 1152 2577 ipsam
1175 2498 1273 2559 ecole-

347 2582 424 2640 siam
445 2579 504 2639 Dei
525 2580 646 2641 audire:
675 2591 727 2658 ut,
749 2584 775 2642 si
797 2600 858 2661 qua
877 2580 995 2660 reliqua
1017 2588 1121 2643 essent
1142 2600 1274 2660 usquam

348 2681 465 2743 organa
477 2662 605 2741 Spiritus
624 2668 734 2744 saneti,
756 2666 816 2725 mei
838 2666 1063 2741 misererentur,
1086 2664 1221 2725 etsimnl
1243 2666 1274 2725 in

347 2765 542 2806 communem
565 2747 726 2809 utilitatem
749 2768 798 2809 me
829 2747 868 2809 de
888 2746 1087 2827 indulgentiis
1109 2748 1274 2809 certiorem

346 2827 520 2891 redderent.
1225 2890 1229 2895 ,

429 2912 487 2972 Hie
508 2913 595 2972 multi
622 2913 696 2988 boni
724 2915 779 2974 viri
803 2932 886 2975 meas
908 2911 1141 2993 Propositiones
1172 2911 1270 2974 extol·

346 2995 473 3073 lebant,
495 2995 550 3057 sed
583 2996 640 3057 hos
676 3005 710 3057 ut
731 2996 896 3057 ecelesiam
924 3002 977 3057 aut
1004 3014 1121 3075 organa
1143 2994 1277 3075 Spiritus

347 3080 446 3140 sancti
467 3098 684 3159 agnoscerem,
707 3080 763 3140 luit
783 3079 984 3159 impossibile.
1025 3078 1151 3160 Papam,
1175 3078 1277 3141 cardi-

347 3160 450 3236 nales,
474 3162 654 3242 episcopos,
675 3162 858 3245 theologos,
880 3163 1011 3239 iuristas,
1035 3160 1205 3223 monachos
1229 3182 1277 3222 su-

347 3244 525 3325 spiciebam,
547 3253 578 3305 et
599 3265 637 3305 ex
650 3246 697 3307 his
709 3246 848 3326 spiritum
861 3244 1090 3325 exspectabam.
1123 3244 1180 3305 lta
1195 3245 1276 3305 enim
1366 3256 1371 3259 “

348 3328 475 3409 crapula
496 3334 527 3388 et
549 3327 696 3390 ebrietate
718 3329 877 3389 doctrinae
898 3328 1033 3409 ipsorum
1059 3348 1142 3389 eram
1161 3326 1277 3389 disten-

348 3419 417 3489 tus,
452 3415 484 3471 ut
504 3412 572 3492 ipse
594 3432 644 3471 me
666 3432 725 3473 neo
746 3412 970 3488 dormientem,
1005 3430 1064 3471 nee
1094 3411 1275 3493 vigilantem

348 3496 502 3555 sentirem.
552 3494 593 3554 Et
623 3514 691 3555 oum
726 3495 831 3556 omnia
861 3500 1043 3575 argumenta
1078 3514 1277 3575 superassem

348 3597 404 3658 per
425 3577 610 3657 Scripturas,
643 3579 704 3639 hoo
726 3597 818 3637 unum
852 3596 920 3637 eum
943 3596 1063 3636 summa
1086 3576 1279 3654 difficultate,

349 3664 381 3721 et
401 3660 561 3741 angustia,
584 3661 708 3721 tandem
732 3660 854 3721 Christo
871 3660 1012 3736 favente,
1047 3660 1099 3718 vix
1122 3662 1278 3739 su'peravi,

349 3744 512 3803 ecclesiam
542 3743 659 3805 scilieet
689 3762 758 3804 esse
789 3742 984 3803 audiendam.
1029 3742 1219 3803 Pertinacius
1249 3752 1280 3804 et

349 3828 538 3894 reverentius
563 3828 657 3888 multo
678 3824 859 3909 (quievero
884 3823 978 3886 corde
993 3820 1163 3899 iaciebam)
1181 3826 1280 3886 eoele-

349 3908 426 3979 siam
448 3928 548 3987 papae
571 3928 627 3989 pro
651 3909 869 3971 veraecelesia
885 3908 977 3986 colui,
1001 3927 1091 3987 quam
1109 3910 1159 3969 isti
1175 3916 1280 3990 turpes

350 3990 572 4072 sycophantae,
595 3993 646 4072 qui
668 3992 761 4054 hodie
782 3992 949 4055 ecelesiam
970 4010 1074 4074 papae
1095 3999 1206 4057 contra
1229 4014 1281 4057 me

580 4091 587 4113 Ι
