3159 4792
494 492 559 555 lrab.
577 501 607 553 in
625 503 749 569 promat.
766 486 909 555 Doctorsli
927 488 1025 555 Theol.
1143 494 1208 563 317

280 693 385 752 autern
407 692 439 749 at
460 705 521 768 ego
541 704 619 767 prae
647 686 758 747 ceteris
777 685 922 767 indignus
943 686 975 747 in
999 686 1080 749 bano
1101 685 1207 749 ostha-

281 771 368 833 drarn
398 770 503 832 divina
535 768 721 849 disponente
741 768 882 833 bonitate
910 787 1005 831 vocer
1040 778 1072 832 et
1093 770 1205 849 rapiar,

258 906 262 913 .
281 875 337 935 par
359 861 422 931 est,
454 862 487 913 ut
508 859 540 914 et
561 853 628 931 ipse
649 853 861 932 obtemperem
887 852 959 913 huic
990 851 1207 917 consuetudini

281 945 313 998 et
344 938 436 997 iussis
470 941 705 1016 praeceptomm
741 955 888 997 meorum.
932 936 1046 997 Verum
1082 935 1206 1015 quando

280 1039 339 1101 pro
364 1017 574 1100 magnitudine
596 1019 682 1078 istius
712 1017 805 1079 officii
833 1026 865 1079 et
886 1038 943 1099 pro
967 1038 1036 1081 mea
1059 1020 1207 1081 tenuitate

282 1103 359 1163 nibil
381 1103 497 1182 possim
519 1100 628 1163 afferre
656 1101 782 1181 dignum
816 1101 877 1162 boo
905 1120 995 1163 sacro
1018 1122 1206 1163 summorum

283 1188 419 1247 virorum
441 1203 607 1263 consessu,
633 1186 717 1244 etin
739 1184 799 1245 hac
819 1192 906 1264 parte
929 1186 1028 1245 minua
1051 1184 1207 1266 obtempe-

283 1288 353 1330 rare
375 1270 548 1348 praeceptis
570 1285 708 1346 possum,
731 1266 812 1328 dabo
835 1276 939 1327 tamen
963 1287 1100 1348 operam,
1123 1276 1155 1329 ut
1176 1270 1208 1329 in

283 1352 382 1413 nitere
402 1360 489 1431 parte
511 1351 728 1430 obtemperans
750 1351 904 1426 inveniar,
933 1351 994 1411 hoc
1016 1360 1077 1429 est,
1108 1371 1209 1431 pauca

284 1434 394 1496 saltem
426 1442 457 1493 et
483 1433 620 1495 breviter
641 1432 758 1510 dicam,
797 1432 920 1512 quando
954 1437 1080 1514 egregia
1101 1444 1132 1497 et
1152 1457 1207 1516 pro

284 1538 318 1578 re
341 1518 435 1597 digna
455 1516 557 1577 dicere
580 1534 643 1576 non
666 1535 802 1595 possum.

369 1603 471 1679 Atque
493 1600 723 1679 praesumtione
740 1598 917 1678 posthabita
939 1600 1019 1660 hono
1042 1602 1120 1659 viam
1145 1621 1206 1663 non

284 1682 440 1764 ingrediar
453 1683 584 1762 propriis
596 1680 727 1761 viribus,
749 1682 949 1762 apprehendo
968 1682 1108 1743 baculum
1124 1684 1207 1747 illum

286 1775 318 1827 et
340 1767 456 1846 virgam
489 1764 628 1841 fidelem,
666 1783 745 1843 quae
767 1782 854 1825 meos
875 1784 999 1844 gressus
1032 1765 1142 1847 dirigat
1178 1778 1210 1829 et

286 1848 398 1909 firmet.
439 1848 559 1927 Nempe
580 1846 654 1907 illud
676 1846 803 1908 verbum
825 1846 951 1907 Christi:
989 1848 1077 1930 Ego
1110 1849 1207 1911 dabo

288 1930 402 1992 vobis
425 1950 466 1991 os
488 1940 526 1990 et
546 1931 799 2009 sapientiem,
834 1932 896 1990 oui
918 1949 996 1991 non
1020 1939 1208 2011 poterunt

287 2014 478 2075 resistere
499 2021 567 2073 aut
587 2012 879 2090 contradicere,
902 2014 1108 2093 mihiplacuit.
1130 2016 1207 2077 Nam

288 2098 394 2158 omnia
421 2096 471 2157 vel
499 2097 665 2177 praecipua
691 2115 799 2155 sacrae
837 2096 1012 2176 theologiae
1044 2103 1210 2179 praeconia

287 2180 369 2241 velle
392 2178 571 2259 complecti,
592 2178 654 2239 hoo
675 2186 758 2239 esset
780 2178 872 2257 plane
888 2178 1077 2259 significare,
1105 2191 1134 2241 te
1157 2202 1211 2243 ne-

287 2266 376 2339 scire,
398 2261 438 2323 de
458 2280 591 2341 quanam
613 2282 647 2322 re
668 2264 708 2321 sis
731 2262 876 2324 dicturus.

371 2345 524 2424 Principio
554 2346 703 2425 promittit
724 2344 877 2423 Christus,
909 2362 943 2403 se
965 2343 1103 2405 daturum
1127 2367 1162 2407 os
1179 2357 1210 2409 et

288 2430 489 2510 sapientiam:
512 2446 549 2489 eo
572 2430 640 2507 ipso
657 2428 854 2489 commendat
874 2426 964 2488 nobis
987 2447 1105 2491 sacram
1125 2429 1209 2493 theo·

289 2513 422 2593 logiam,
444 2520 479 2571 ut
498 2512 630 2571 sciamus
653 2531 723 2573 ease
745 2510 860 2573 donum
884 2510 1035 2590 divinum,
1058 2531 1120 2573 non
1144 2514 1209 2593 plri-

288 2595 501 2675 losopbicum,
534 2603 588 2655 eut
608 2595 735 2655 rationis
765 2594 918 2657 humanae
939 2596 1114 2673 inventurn,
1155 2598 1210 2659 sed

290 2678 372 2757 quod
398 2677 539 2739 deorsum
563 2697 580 2737 e
603 2677 692 2738 coelo
715 2696 769 2757 per
788 2679 926 2755 spiritum
949 2686 1088 2739 sanctum
1117 2679 1211 2741 done-

290 2770 336 2821 tur
358 2767 391 2821 et
406 2760 496 2822 nobis
518 2758 702 2830 infundatur.
747 2759 798 2821 Sic
820 2770 851 2821 et
871 2760 961 2823 alibi:
986 2762 1082 2823 Vobis
1104 2763 1209 2825 datum

293 2852 340 2904 est
367 2862 462 2905 nosse
494 2845 672 2923 mysterium
706 2846 793 2923 regni
828 2844 993 2905 coelorum.
1037 2845 1078 2905 Et
1099 2845 1210 2907 Paulus

289 2926 403 3006 ubique
435 2926 548 2987 clamat
578 2946 648 2987 esse
681 2928 859 3007 mysterium
894 2927 1018 2987 tacitum
1041 2947 1060 2985 a
1089 2928 1212 3005 seculis,

289 3011 371 3089 quod
388 3010 489 3070 nullus
500 3010 670 3089 principum
683 3008 788 3070 mundi
807 3010 997 3091 cognoverit,
1020 3007 1211 3089 sed¹)-quod

289 3113 337 3154 res
360 3095 431 3174 ipsa
453 3091 598 3155 declarat.
641 3091 760 3167 Quotus
789 3094 918 3171 quisque
950 3092 1030 3160 enim
1057 3100 1120 3170 est,
1158 3096 1210 3171 qui

287 3175 369 3237 banc
391 3176 570 3255 sapientiam
594 3177 711 3255 capiat,
744 3176 863 3237 etiamsi
894 3173 1017 3235 assidue
1044 3182 1075 3235 et
1107 3174 1214 3237 audiat

289 3268 321 3321 et
342 3260 465 3337 videat,
487 3260 566 3321 sicut
586 3260 732 3338 scriptum
757 3265 818 3321 eat:
850 3258 999 3321 Videntes
1021 3277 1083 3319 non
1105 3259 1212 3321 vident

288 3352 320 3405 et
339 3341 501 3404 audientes
523 3361 585 3403 non
607 3341 788 3422 intelligunt.

371 3425 470 3486 Maior
491 3444 564 3487 vero
586 3445 657 3504 pars
680 3425 837 3485 hominum
861 3423 1062 3502 contradicit,
1082 3432 1115 3485 et
1137 3426 1211 3487 dicit

289 3509 427 3569 horribili
449 3507 521 3568 odio
553 3514 585 3567 et
605 3507 698 3584 furia,
734 3515 766 3567 ut
797 3509 905 3567 iterum
927 3506 1036 3568 Esaias
1066 3516 1210 3568 testatur:

288 3591 369 3653 rl'ota
387 3590 438 3652 die
459 3589 585 3651 extendi
605 3609 726 3650 manum
742 3610 841 3651 meam
865 3589 904 3651 ad
914 3592 1060 3671 populum
1075 3590 1213 3651 incredu-

290 3675 350 3735 lum
373 3674 687 3735 etcontradioentem
711 3673 851 3752 mihi31n
875 3691 935 3752 qua
956 3692 989 3733 re
1011 3673 1211 3753 spectandum

292 3756 382 3819 nobis
405 3758 589 3837 proponitur
616 3756 695 3816 istud
726 3755 909 3836 stupendum
933 3764 964 3815 et
985 3756 1101 3835 grande
1125 3758 1211 3817 mira-

287 3841 404 3918 culum,
436 3840 534 3919 quod,
564 3858 632 3899 cum
656 3839 730 3899 nihil
753 3842 793 3899 sit
813 3840 966 3919 vulgatius
989 3848 1019 3898 et
1041 3840 1138 3919 magis
1161 3859 1213 3899 ex-

289 3966 446 3975 —pm—

362 4020 391 4081 l)
411 4016 563 4071 Schneider
575 4017 724 4088 legendum
738 4032 800 4069 case
812 4016 978 4085 suspicatur:
999 4014 1056 4067 scil.
1071 4014 1211 4081 (scilicet).
