3159 4792
490 498 542 550 pro
561 478 764 537 Laborantibus
784 489 812 537 at
830 480 968 537 oneratis.
1135 482 1196 548 131

276 672 414 733 mamus.
459 668 576 745 Quibus
598 668 642 749 fit,
665 674 698 731 ut
720 668 909 731 Christianus
930 668 971 731 sit
992 672 1199 751 omnipotens,

276 754 413 813 omnium
436 752 607 831 Dominus,
639 755 743 813 omnia
773 754 909 832 habens,
943 755 1048 815 omnia
1073 755 1199 834 faciens,

276 855 401 915 prorsus
432 837 499 896 sine
527 836 590 895 ullo
618 844 757 915 peccato.
801 835 890 911 Quod
913 837 940 898 si
962 840 1054 899 etiam
1075 839 1106 897 in
1129 857 1199 918 peu

275 920 348 978 catis
374 920 431 995 sit,
461 924 566 979 tamen
588 938 716 980 necesse
738 928 801 997 est,
830 927 947 981 utnon
969 927 1118 999 noceant,
1143 920 1197 982 sed

275 1001 428 1062 donentur
459 1009 585 1082 propter
613 1002 851 1083 insuperabilem
879 1011 911 1063 et
939 1007 1043 1065 omnia
1069 1011 1200 1084 peccata

277 1084 511 1145 exhaurientem
535 1086 678 1145 iustitiam
704 1086 831 1166 Christi,
858 1088 889 1145 in
913 1104 974 1165 qua
994 1087 1071 1148 ildea
1093 1095 1200 1149 nostra

274 1170 394 1245 nititur,
423 1168 542 1228 fortiter
564 1168 692 1247 credens
715 1168 809 1229 talem
831 1169 921 1230 nobis
943 1189 1012 1230 esse
1034 1170 1199 1248 Christum,

274 1252 395 1331 qualem
429 1250 571 1313 diximus.
613 1252 692 1311 Nam
722 1254 772 1332 qui
799 1252 836 1312 id·
858 1271 921 1313 non
950 1253 1062 1332 credit,
1090 1254 1199 1314 surdus

273 1334 409 1395 fabulam
433 1334 533 1413 audit,
555 1352 614 1394 nec
636 1334 789 1395 Christum
811 1337 962 1415 agnoscit,
984 1356 1043 1397 nec
1064 1336 1105 1397 ad
1126 1336 1198 1416 qnid

275 1419 383 1497 prosit,
405 1436 464 1477 neo
487 1419 554 1497 quis
578 1419 643 1479 eius
666 1438 737 1477 usus
760 1420 809 1496 sit,
831 1419 983 1499 intelligit.

356 1500 460 1575 Quare
488 1500 537 1561 vel
564 1500 624 1561 hoc
653 1520 744 1561 unum
776 1508 947 1581 spectrum,
978 1503 1004 1561 si
1029 1500 1118 1561 nulla
1139 1502 1200 1561 sint

274 1584 343 1659 alia,
366 1590 455 1644 tanta
470 1603 528 1645 nos
542 1590 646 1663 potest
663 1584 881 1645 consolatione
901 1585 1048 1662 imbuere,
1070 1585 1096 1644 ai
1118 1583 1198 1644 bene

276 1674 306 1727 st
329 1666 426 1727 oorde
447 1668 566 1727 intento
590 1674 754 1747 spectetur,
777 1675 894 1728 utnon
919 1667 1012 1727 modo
1036 1667 1123 1726 malis
1146 1683 1198 1726 no-

274 1752 343 1809 stris
374 1768 438 1810 non
468 1749 644 1828 doleamus,
675 1751 729 1811 sed
752 1752 843 1811 etiam
866 1752 1033 1832 gloriemur
1053 1750 1085 1809 in
1109 1750 1198 1810 tribu·

275 1832 441 1893 lotionibus
470 1853 543 1913 prae
573 1833 703 1913 gaudio,
737 1834 819 1912 quod
841 1836 872 1893 in
895 1834 1016 1894 Christo
1040 1831 1199 1909 habemus,

274 1918 326 1975 vix
348 1935 388 1976 ea
410 1917 587 1991 sentientes,
610 1935 670 1995 qua
692 1918 791 1997 gloria
814 1937 871 1978 nos
894 1916 1012 1977 erudiet
1028 1918 1096 1996 ipse
1114 1916 1198 1976 Chri-

275 2008 338 2059 stus
359 2000 510 2059 Dominus
533 2018 571 2059 ac
587 1999 670 2059 Deus
693 2007 808 2080 noster,
830 2002 862 2060 in
884 2002 989 2061 secula
1010 1999 1198 2061 benedictus.

275 2084 385 2143 Amen.

688 2164 800 2239 Τέλος.

356 2247 568 2327 Hisnugis1)
595 2248 687 2325 meis,
715 2249 920 2309 illustrissime
941 2247 1103 2327 Princeps,
1133 2246 1198 2309 offi-

276 2334 356 2391 cium
380 2332 593 2410 qualecunque
616 2333 804 2411 paupertatis
828 2350 916 2391 meae
935 2330 1126 2407 testantibus,
1150 2349 1199 2388 me

275 2414 499 2475 illustrissimae
522 2413 734 2475 Dominationi
757 2422 828 2475 tuae
851 2413 1052 2492 commendo,
1082 2414 1200 2473 maiora

275 2496 427 2573 offerre²j
444 2498 664 2577 paratissimus,
688 2499 713 2557 si
735 2498 865 2558 facultas
888 2498 1012 2577 spiritus
1034 2497 1094 2556 mei
1117 2496 1199 2556 votis

274 2580 473 2665 responderit
507 2599 650 2657 unquam.
692 2580 801 2659 Neque
832 2582 914 2641 enim
943 2579 1108 2659 aliquando
1136 2598 1199 2639 non

277 2682 328 2725 ero
344 2662 477 2740 debitor,
503 2681 571 2723 cum
594 2664 689 2724 cuivis
711 2684 781 2725 meo
805 2666 958 2744 proximo,
981 2671 1044 2725 tum
1066 2664 1200 2723 maxime

275 2746 501 2807 illustrissimae
521 2746 733 2810 Dominationi
755 2755 836 2823 tuae,
859 2766 949 2826 quam
974 2746 1063 2808 nobis
1087 2753 1119 2807 et
1140 2746 1199 2805 cle·

278 2831 370 2890 manti
394 2827 535 2890 bonitate
559 2828 607 2889 diu
630 2837 732 2899 servet
753 2831 957 2906 incolumem,
980 2838 1010 2890 et
1031 2830 1113 2889 felici
1135 2836 1200 2889 tan·

277 2910 343 2971 dem
367 2911 430 2973 fine
451 2912 491 2972 ad
513 2932 548 2971 se
569 2912 696 2975 redueat
711 2913 863 2981 Dominus
885 2922 991 2973 noster
1007 2913 1093 2973 lesus
1116 2911 1199 2971 Chri·

279 3003 349 3057 stus.
373 2996 484 3063 Amen.
692 3056 694 3063 ,
1171 3025 1181 3057 ι

506 3077 658 3141 Illustriss.
682 3079 719 3139 D.
742 3079 777 3138 Τ.
801 3083 906 3139 orator
925 3077 1032 3137 Frater
1052 3076 1200 3140 Martinus
1274 3081 1277 3098 '

506 3160 628 3241 Luther,
650 3160 781 3242 August.
805 3159 1064 3241 Vuittenbergu.
1131 3216 1143 3227 ,

551 3328 698 3393 Martinus
720 3331 881 3393 Lutherus.
894 3331 930 3410 ²⁸)

361 3460 451 3523 Hunc
478 3463 587 3525 librum
618 3468 696 3526 inter
724 3468 810 3527 initia
838 3486 950 3527 causae
978 3485 1067 3530 meae
1093 3466 1201 3545 scripsi

361 3718 385 3772 i)
413 3716 443 3767 ln
474 3715 516 3768 ad.
552 3716 624 3769 dem:
667 3717 892 3785 cogitationibus.
930 3716 1067 3785 2)1uid.:
1094 3716 1199 3769 afferre.

286 3784 312 3846 3)
328 3786 408 3839 lbid.:
428 3787 571 3841 Illustriss.
594 3789 623 3842 D.
642 3790 673 3841 Τ,
694 3789 803 3841 deditus
825 3788 960 3841 Martinus
978 3788 1124 3840 Lutherus.

352 3860 381 3923 *)
405 3858 480 3911 Haec
503 3860 589 3912 verba
614 3860 728 3913 Lutheri
751 3863 779 3911 in
805 3860 847 3912 ed.
873 3861 1004 3929 originali
1030 3859 1127 3911 deesse
1152 3874 1202 3927 per

288 3940 314 3976 se
330 3935 414 3997 patet,
435 3933 552 3998 repetita
572 3938 636 3983 sunt
656 3950 692 3985 ex
712 3932 753 3984 ed.
774 3930 837 3985 den.
970 3999 987 4033 ἡ
