3159 4792
509 586 521 596 ..
536 546 576 607 sd
594 548 652 603 leh.
672 548 784 603 aarum
804 548 975 617 Responsio!
1153 544 1195 613 69

275 733 354 795 cessi
376 734 544 812 modestia,
567 755 668 815 neque
690 737 770 797 enim
794 756 851 797 nos
873 737 954 799 male
976 736 1081 798 audire
1102 736 1195 799 debe

276 837 358 894 mus,
392 819 443 895 qui
475 819 594 881 sincera
622 818 684 881 fide
710 840 729 881 a
757 819 1016 881 Ghristianissimo
1046 819 1193 901 theologo

277 900 577 982 non-abhorremus,
600 922 702 982 neque
723 903 846 966 Lutheri
869 922 962 965 causa
983 903 1117 965 deterior
1139 910 1194 981 est,

277 983 357 1062 quod
377 990 409 1045 et
428 985 572 1064 indoctis,
595 988 637 1047 uti
652 988 757 1064 'magis
778 988 841 1067 pia,
863 986 1019 1067 probatur.
1052 986 1196 1048 Fatemur

275 1067 429 1128 inscitiam
460 1074 614 1148 nostram,
646 1075 678 1130 et
708 1070 841 1131 fortasse
867 1088 930 1133 non
958 1070 1069 1131 minori
1095 1070 1195 1151 gloria

276 1169 342 1210 eam
359 1153 568 1233 agnoscimus,
589 1171 680 1231 quam
698 1160 730 1214 tu
747 1152 855 1215 laudes
877 1159 945 1213 tues
967 1154 1082 1234 passim
1105 1153 1193 1215 ebuc
1243 1208 1252 1233 „

274 1252 368 1294 ornas.
1171 1253 1192 1275 ‘·

356 1315 479 1379 lndooti
500 1338 612 1396 sumus,
636 1321 790 1381 nescimus
801 1320 987 1401 patrocinari
1002 1319 1078 1380 lucri
1098 1321 1194 1399 turpis

274 1400 305 1459 iu
327 1400 513 1461 immensum
534 1402 690 1481 studiosis,
712 1402 742 1463 id
765 1400 847 1481 quod
869 1401 959 1463 nobis
982 1422 1050 1463 cum
1074 1422 1193 1465 summo

274 1481 422 1563 pontifice
444 1503 607 1551 commune
633 1492 690 1547 est.
725 1486 803 1547 Nam
828 1504 895 1546 cum
924 1494 967 1561 tu,
990 1493 1193 1547 mercatorum

275 1566 495 1644 conductitius,
525 1568 714 1630 contractum
737 1570 894 1630 societatis
927 1586 1002 1631 suae
1023 1568 1116 1649 plane
1137 1569 1194 1628 ini·-

273 1669 365 1729 quum
404 1670 536 1731 aequum
569 1652 718 1713 declarari
740 1651 778 1712 ab
801 1671 839 1713 eo
863 1652 1050 1731 supplicibus
1072 1658 1193 1729 peteres

272 1733 396 1809 libellis,
417 1734 572 1814 repulsam
606 1756 639 1796 es
661 1754 788 1815 passus,
811 1735 967 1811 nimirum,
998 1732 1079 1814 quod
1102 1754 1194 1814 supra

273 1823 398 1896 captum
438 1816 592 1897 pontilicis
629 1819 754 1879 maximi
794 1824 846 1878 tua
885 1824 971 1879 erant
1007 1822 1193 1890 commenta,

274 1899 399 1978 quando
422 1900 524 1961 venali
545 1899 650 1983 lingua
673 1908 704 1962 et
723 1921 814 1961 manu
826 1908 950 1981 paratus
969 1920 1047 1980 eras,
1070 1920 1192 1962 omnem

274 1983 368 2043 semel
393 1982 580 2063 scripturam
609 2003 672 2045 non
702 1983 796 2045 modo
831 2002 945 2065 cogere
979 1990 1010 2045 et
1039 1991 1227 2065 torquere,x

274 2066 325 2127 sed
349 2072 382 2127 et
403 2066 604 2148 pessundare,
625 2087 666 2128 ne
687 2067 802 2128 redires
824 2068 982 2146 inglorius.

352 2148 475 2210 Indocti
497 2169 610 2227 sumus,
632 2170 695 2211 non
717 2150 855 2211 videmus
878 2152 970 2227 enim,
993 2150 1193 2229 quaestione

271 2232 401 2312 perfecti
423 2232 574 2294 Christum
597 2253 763 2314 pauperem
786 2239 967 2311 sequantur,
992 2234 1017 2293 si
1038 2252 1094 2313 pro
1119 2240 1192 2293 tem-

271 2316 401 2395 porariis
424 2317 524 2376 causis
545 2318 662 2395 iurent,
690 2317 743 2377 sed
767 2316 859 2395 quid?
883 2317 1024 2376 nimirum
1048 2316 1137 2376 eain
1160 2332 1194 2375 re

237 2443 239 2446 -
273 2405 302 2459 et
322 2398 483 2475 Erasmus,
503 2398 578 2461 illud
601 2400 696 2460 seculi
720 2402 817 2461 nostri
838 2397 938 2479 sidus,
963 2396 1140 2477 uobiscum,
1162 2407 1194 2458 te

273 2501 413 2553 censore,
435 2481 647 2584 hallucinetpr⁴

353 2564 478 2625 Inducti
500 2584 620 2643 sumus,
642 2564 798 2645 siquidem·
816 2583 996 2639 enumerare
1027 2584 1089 2624 non
1123 2582 1192 2642 pos-

274 2667 378 2707 sumus
400 2648 502 2709 varias
524 2649 699 2727 primitivae
721 2648 874 2710 ecclesiae
895 2648 1104 2721 ceremonias,
1139 2644 1193 2706 sed
1214 2666 1217 2671 ·

272 2730 440 2791 iterum‘se
460 2730 551 2792 nobis
573 2732 729 2793 ass'ooiaut
760 2732 883 2813 plurimi
905 2732 961 2792 viri
985 2730 1100 2810 alioqui
1123 2728 1193 2789 doc-

275 2814 397 2873 tissimi.
633 2807 637 2822 '
1016 2834 1017 2839 ¹

354 2893 481 2958 Inducti
513 2915 630 2975 sumus,
662 2897 831 2957 maiestatis
868 2896 990 2957 divinoe
1024 2894 1195 2975 penetralia

272 2998 335 3039 non
357 2976 563 3059 ingredimur,
591 2980 645 3041 sed
679 2998 738 3039 neo
759 2998 889 3059 magnus
912 2978 964 3038 ille
987 2978 1098 3036 Paulus
1121 2996 1194 3054 epo-

273 3062 371 3123 stolus
396 3060 547 3123 erubescit
567 3064 728 3144 ignorare,
766 3080 846 3140 quae
866 3068 898 3121 tu
925 3061 956 3119 in
980 3058 1194 3139 chrysopass'o

273 3164 450 3208 coacervas.

355 3226 477 3289 lndooti
499 3247 619 3305 sumus,
656 3246 818 3308 possemus
847 3232 949 3287 tamen
984 3224 1077 3285 multa
1106 3222 1195 3283 huius

273 3313 397 3391 generis
419 3309 528 3371 afferre
549 3312 580 3371 in
603 3310 753 3389 medium,
787 3328 866 3391 quse
896 3309 950 3371 tibi
984 3308 1082 3389 magis
1105 3323 1194 3389 quam

274 3394 365 3457 nobis
390 3392 537 3455 dedecori
560 3394 794 3455 essentiatum.

355 3476 393 3537 In
415 3496 534 3537 summa
567 3478 648 3537 enim
670 3476 766 3536 'nulla
798 3482 859 3535 lam
883 3474 1043 3554 auspicata
1063 3472 1195 3553 peregri-

273 3561 359 3621 natio
383 3567 446 3636 tua,
469 3579 595 3639 quarum
618 3566 649 3620 tu
673 3560 783 3620 multas
800 3556 983 3633 iuveniliter,
1006 3576 1045 3616 ne
1060 3554 1195 3615 dicemus

274 3649 478 3720 ostentanter,
501 3661 740 3718 commemoras,
772 3660 853 3721 quae
874 3660 937 3701 non
961 3646 992 3699 et
1013 3636 1069 3700 tibi
1092 3644 1123 3697 et
1143 3656 1195 3717 pa·

273 3728 353 3787 tn'ae
381 3726 473 3786 tuerit
498 3724 776 3788 dehonestamento
807 3724 905 3804 magis
942 3742 1032 3801 quam
1068 3720 1195 3800 gloriae.

274 3808 386 3869 Nullus
409 3815 470 3869 tam
492 3828 605 3889 parvus
628 3828 647 3869 a
668 3816 699 3870 te
719 3806 842 3867 libellus
863 3806 960 3867 editus
982 3811 1038 3870 est,
1061 3804 1110 3884 qui
1133 3822 1196 3865 nou

276 3898 330 3953 sut
352 3897 522 3952 extremam
545 3892 646 3973 sapiat
659 3890 845 3962 barbariem,
868 3896 920 3949 aut
940 3886 1110 3967 insignibus
1133 3904 1197 3945 sca·

277 3981 341 4036 teat
363 3975 481 4036 erratis.

358 4056 463 4135 Quare
484 4077 548 4120 non
577 4045 785 4141 imprudenter
813 4053 940 4139 feceris,
969 4050 1043 4113 Ecci
1057 4050 1195 4133 'pruden-
