3159 4792
572 518 606 574 da
624 519 750 575 libertate
768 521 935 576 Christiana.
1147 515 1210 584 249

283 727 358 790 erga
380 725 453 769 anm
476 707 521 768 sic
543 726 577 769 se
589 714 688 788 prat,
708 709 784 771 acsi
800 709 868 789 ipse
881 714 963 769 esset
983 709 1015 768 in
1038 706 1212 768 locoillins.

283 790 458 852 lichnisto
479 789 635 851 fluxerunt
662 798 694 852 et
713 791 813 853 ilnnnt
840 793 870 852 in
893 811 967 871 nos,
1000 792 1052 870 qni
1087 809 1146 851 nos
1168 792 1213 852 sic

282 873 384 936 induit
408 883 440 934 et
460 893 517 954 pro
541 873 631 934 nobis
654 876 727 955 egit,
749 895 787 935 aa
809 877 833 934 si
847 876 914 954 ipse
937 883 1027 952 esset,
1050 873 1133 953 qnod
1155 891 1213 934 nos

276 973 400 1021 wmns.
443 956 471 1016 E
493 957 583 1018 nobis
604 956 703 1018 llunnt
724 960 755 1018 in
778 977 843 1035 eos,
866 960 917 1037 qni
931 960 975 1019 eis
999 975 1076 1038 opus
1090 955 1214 1033 babent,

283 1040 386 1116 adeo,
419 1045 455 1100 ut
476 1047 507 1100 et
529 1039 621 1101 fldem
651 1048 683 1102 et
703 1043 851 1102 instit-iam
875 1059 974 1101 meam
997 1046 1141 1118 oporteat
1162 1058 1214 1101 co·

284 1143 352 1184 ram
376 1123 445 1184 Dec
467 1124 552 1202 poni,
574 1142 630 1204 pro
652 1124 794 1207 tegendis
817 1133 848 1185 at
861 1123 1063 1205 deprecandis
1081 1123 1214 1203 proximi

285 1207 439 1288 peccatis,
461 1223 543 1284 qnae
561 1225 656 1286 snper
678 1227 727 1268 me
748 1208 909 1288 accipiam,
933 1215 964 1268 et
985 1208 1029 1267 ita
1049 1207 1082 1266 in
1105 1208 1149 1266 eis
1172 1206 1213 1266 la·

287 1289 399 1350 boram
423 1290 624 1363 etsensim,
657 1308 697 1350 ac
717 1292 743 1350 si
765 1309 836 1351 mea
857 1292 981 1371 propria
1008 1298 1129 1369 essent,
1170 1291 1215 1350 sic

286 1373 370 1433 enim
394 1370 533 1432 Christus
554 1372 644 1433 nobis
665 1373 748 1435 fecit
789 1373 876 1434 Haec
898 1381 946 1434 est
966 1373 1047 1433 anim
1069 1392 1142 1432 vera
1165 1391 1213 1432 ca-

286 1457 363 1515 ritas
387 1455 571 1533 sinceraque
588 1454 781 1517 Christianae
795 1458 877 1518 vilae
897 1456 1014 1537 regula.
1058 1454 1101 1517 lbi
1113 1461 1215 1516 antem

285 1557 362 1598 vera
384 1546 416 1597 et
437 1539 558 1619 sincera
586 1544 648 1616 est,
680 1539 732 1600 ubi
764 1559 838 1600 vera
860 1547 891 1600 et
919 1542 1039 1600 sincera
1059 1535 1136 1598 fldes
1158 1544 1214 1598 est.

286 1621 368 1681 llinc
396 1620 566 1700 Apostolus
589 1625 617 1684 1.
649 1621 719 1684 (lor.
750 1625 798 1687 13.
827 1624 945 1684 caritati
979 1622 1097 1697 tribuit,
1133 1619 1216 1699 quad

286 1722 351 1764 non
375 1704 508 1782 quaerit,
530 1723 611 1783 qnae
629 1724 685 1765 ana
705 1713 785 1765 sunt.

372 1785 720 1867 Ocnclndimnsitaqne,
742 1784 950 1849 Christianum
973 1786 1129 1846 hominem
1152 1803 1216 1846 non

282 1871 395 1930 nivere
414 1870 447 1929 in
468 1888 503 1930 se
524 1871 610 1950 ipso,
648 1871 703 1932 sad
725 1873 756 1930 in
779 1871 901 1931 Christo
931 1878 963 1930 et
984 1871 1126 1949 proximo
1149 1887 1216 1946 sno,

288 1958 343 2013 ant
365 1951 572 2013 Christianum
593 1972 657 2014 non
679 1973 763 2029 esse,
784 1955 815 2013 in
839 1953 961 2015 Christo
982 1971 1038 2032 psr
1058 1951 1162 2026 fidem,
1185 1951 1217 2010 in

289 2036 435 2115 proximo
458 2053 513 2115 per
533 2037 692 2098 caritatem
705 2036 750 2115 ¹);
771 2035 938 2117 perfidem
960 2054 1079 2096 sursum
1101 2036 1217 2114 rapitur

289 2137 384 2198 snpra
406 2137 441 2178 se
460 2119 492 2178 in
514 2119 624 2198 Deum,
644 2138 763 2180 rursum
785 2139 841 2199 per
862 2121 1017 2179 caritatem
1040 2117 1153 2178 labitur
1172 2119 1216 2177 in-

289 2201 336 2261 lra
358 2202 446 2260 sein
470 2202 654 2281 proximum,
677 2221 806 2263 manens
828 2209 930 2262 tamen
953 2220 1075 2280 semper
1095 2202 1126 2260 in
1149 2201 1216 2260 Deo

291 2287 324 2345 at
358 2284 487 2344 caritate
522 2286 605 2360 eins,
646 2286 725 2345 sicut
758 2285 897 2346 Christus
932 2283 1039 2344 lohan.
1071 2287 1098 2345 l.
1131 2282 1216 2343 dicit:

292 2368 394 2427 Amen
436 2366 506 2428 dico
543 2367 650 2444 vobis,
689 2368 836 2448 deinceps
867 2365 1008 2428 videbitis
1026 2365 1057 2442 ²)
1095 2365 1216 2426 coelum

291 2457 433 2530 apertum
455 2456 487 2510 et
506 2452 635 2530 angelos
657 2450 716 2512 Dei
730 2450 935 2512 ascendentes
949 2457 980 2512 et
992 2448 1216 2509 descendentes

291 2551 385 2612 snper
405 2530 502 2592 lilium
523 2533 667 2596 hominis.

375 2614 417 2676 m
437 2615 515 2676 baec
536 2615 575 2677 de
598 2615 738 2677 libertate
760 2619 846 2694 satis,
870 2636 960 2696 quae,
982 2622 1016 2676 ut
1038 2614 1135 2692 vides,
1158 2615 1217 2694 spi·

291 2698 411 2758 ritualia
436 2717 570 2777 veraque
591 2707 655 2777 est,
677 2699 773 2760 libera
797 2701 914 2760 faciens
937 2699 1031 2759 corda
1052 2707 1159 2759 nostra
1179 2696 1218 2757 ab

294 2779 440 2841 omnibns
461 2782 615 2862 peccatis,
648 2782 768 2864 legibus
789 2791 821 2843 et
843 2783 1010 2857 mandetis,
1045 2783 1123 2841 sicut
1144 2781 1219 2840 dicit

294 2863 409 2924 Panlns
432 2868 460 2927 1.
482 2864 616 2925 'limctln
640 2869 672 2928 1:
697 2865 760 2925 Lex
772 2867 854 2926 iusto
869 2885 931 2925 non
948 2872 994 2924 est
1005 2865 1116 2943 posita,
1140 2881 1218 2941 qnae

293 2951 420 3026 superat
448 2966 555 3008 omnes
577 2947 655 3008 alias
686 2949 844 3010 libertates
879 2955 1039 3020 externas,
1072 2952 1217 3022 quantum

294 3029 418 3090 coelum
440 3036 713 3110 separatienem,
742 3051 832 3110 quam
857 3028 946 3090 nobis
961 3029 992 3100 ³)
1018 3027 1155 3088 Christus
1177 3027 1218 3087 la-

295 3114 355 3172 ciat
377 3119 410 3172 ct
425 3113 598 3193 intelligere
620 3121 652 3174 at
671 3134 809 3186 servare,
831 3114 940 3174 Amen.

381 3194 417 3255 ln
439 3194 502 3256 line
523 3203 650 3276 propter
672 3216 742 3275 eos,
764 3197 874 3277 quibus
897 3193 970 3254 nihil
993 3201 1054 3254 tam
1077 3191 1156 3253 bene
1177 3190 1219 3251 di-

295 3278 382 3358 citnr,
407 3271 490 3356 qnod
512 3297 575 3339 non
594 3278 764 3360 depravent
777 3275 1082 3358 maleintelligendc,
1105 3275 1219 3335 adden·

296 3359 367 3420 dum
390 3371 456 3436 cst,
489 3363 515 3420 si
537 3365 640 3422 tamen
662 3370 694 3423 et
718 3362 872 3443 idipsum
896 3359 1069 3440 intelligere
1091 3359 1219 3438 possint.

298 3441 376 3502 Sunt
398 3462 489 3522 qnam
512 3444 651 3524 plurimi,
674 3447 725 3525 qni
748 3446 829 3506 banc
851 3445 1021 3505 libertatem
1044 3441 1115 3502 fidei
1137 3439 1221 3500 andi-

296 3534 381 3586 entes
425 3545 501 3587 mox
529 3545 597 3588 eam
634 3530 665 3588 in
699 3530 895 3589 occasionem
928 3522 1120 3600 libertatis4]
1154 3539 1220 3584 ver·

297 3609 421 3687 transs),
443 3610 549 3670 omnia
569 3610 627 3673 sibi
642 3613 744 3672 statim
760 3611 854 3671 licere
865 3609 1058 3682 arbitrantes,
1079 3625 1138 3666 nec
1159 3605 1220 3664 alia

367 3807 401 3875 1)
420 3808 453 3862 In
479 3809 543 3864 adit
563 3810 643 3867 1521:
676 3816 724 3863 aut
747 3809 935 3864 Christianum
966 3823 1027 3861 assa
1058 3807 1087 3858 in
1111 3803 1219 3858 Christo

297 3895 347 4005 par
365 3880 466 3944 fidam,
497 3884 526 3935 in
549 3885 680 3952 proximo
699 3898 748 3951 per
768 3885 919 3934 caritatem.
957 3881 988 3946 2)
1009 3877 1131 3932 Ibidem:
1150 3877 1222 3930 vids-

314 3952 350 4004 is.
386 3953 419 4020 3)
439 3949 545 4007 Ibidem
565 3956 639 4009 etin
660 3953 815 4007 edibiam:
844 3969 903 4006 nos.
938 3949 1221 4017 4)1ned.1521et

299 4019 380 4076 lam:
399 4026 502 4078 minis.
538 4025 568 4089 5)
589 4025 618 4077 ln
631 4024 794 4080 edia1521:
814 4027 931 4077 vertunt.
