3159 4792
601 574 605 579 ν
713 520 942 605 Disputationes

458 836 786 959 Disputationes
816 840 863 935 D.
894 839 945 933 ll.
975 834 1171 933 Luthcri.

435 1027 489 1085 Dis
513 1028 683 1088 utaticnum
711 1026 910 1106 plurimarum
943 1028 1107 1103 materiae,
1146 1042 1228 1103 quse
1260 1040 1279 1081 a

350 1046 1277 1173 reverentlbD.MartinoLuthercahanncOhriatihl.D.XlX.

352 1212 451 1271 usque
482 1192 521 1252 ad
550 1211 663 1253 aunum
697 1193 736 1254 hl.
760 1194 795 1253 D.
819 1192 910 1254 XLV.
938 1192 1117 1274 propositae
1146 1196 1220 1250 sunt
1249 1189 1277 1247 iu

352 1276 460 1335 schola
481 1281 512 1335 et
532 1275 664 1337 fideliter
685 1276 877 1356 explicatae,
899 1278 929 1337 iu
953 1277 1061 1356 quibus
1086 1272 1278 1334 animadver-

352 1366 397 1419 tet
418 1360 486 1439 pius
497 1358 605 1439 lector,
626 1365 790 1439 postquam
806 1359 975 1419 adversarii
997 1376 1093 1439 purae
1115 1357 1277 1419 doctrinae

351 1441 514 1523 Evangelii
536 1461 716 1523 oppugnare
746 1462 795 1502 res
819 1462 908 1503 veras
930 1463 949 1503 a
969 1444 1007 1503 D.
1028 1441 1163 1501 Lutlrero
1188 1438 1277 1499 tradi-

352 1533 399 1585 tas
422 1531 601 1605 coeperunt,
625 1525 770 1605 paulatim
795 1526 967 1587 doctrinam
991 1526 1154 1585 salutarem
1180 1523 1278 1603 magis

353 1610 513 1689 magisque
534 1609 718 1668 illustratam
741 1628 821 1670 esse.
864 1609 991 1669 Multum
1024 1610 1103 1668 enim
1127 1608 1205 1667 lucis
1227 1604 1278 1664 ad-

351 1691 428 1758 dunt
467 1690 733 1772 Propositionibus
782 1693 935 1773 prioribus
981 1698 1155 1771 sequentes.
1201 1690 1277 1750 (ium

352 1782 455 1835 autem
477 1776 634 1854 praecipui
657 1776 774 1836 articuli
790 1776 950 1837 doctrinae
962 1774 1155 1835 Christianae
1176 1774 1207 1831 in
1232 1770 1278 1830 his

351 1856 617 1937 Propositionibus
649 1859 767 1919 erudite
807 1865 838 1919 et
879 1860 1040 1939 perspicue
1076 1856 1278 1937 explicentur,

351 1959 446 2021 saepe
467 1939 619 2020 legendae
641 1949 720 2019 sunt,
743 1948 775 2002 et
797 1942 895 2003 lectae
918 1944 987 2022 pios
1000 1942 1115 2003 utiliter
1137 1939 1280 2000 erudieut

352 2030 384 2084 et
405 2022 688 2103 confirmabunt').

539 2220 744 2367 Philippus
764 2222 1086 2303 Melanchthon1)

672 2310 801 2372 ectori
824 2308 855 2371 S.
882 2306 984 2391 D.**)

437 2458 586 2539 congessi
609 2460 638 2518 in
663 2478 805 2521 acervum
829 2460 947 2541 aliquot
968 2458 1201 2541 propositiones
1220 2456 1279 2518 Lu·

353 2542 429 2602 theri
452 2560 521 2601 cum
544 2539 585 2603 ob
607 2542 683 2601 alias
706 2561 833 2621 causas,
867 2550 931 2604 tum
960 2545 1031 2624 quia
1054 2561 1164 2623 graves
1188 2560 1278 2620 quos-

352 2624 422 2685 dam
446 2624 534 2685 locos
557 2622 717 2685 doctrinae
740 2624 935 2687 Christianae
959 2628 1135 2702 continent,
1168 2624 1219 2703 qui
1239 2644 1279 2682 cx

352 2706 399 2767 his
434 2704 578 2767 brevibus
618 2709 778 2767 sententiis
811 2710 921 2769 melius
956 2710 1103 2790 cognosci
1136 2714 1279 2789 possunt,

353 2807 445 2868 qnam
470 2809 509 2849 ex
532 2791 653 2871 maguis
675 2791 804 2852 aliorum
828 2792 1043 2855 voluminibus.
1066 2792 1132 2851 Hae
1155 2798 1279 2850 seuten-

353 2872 414 2933 tiae
435 2873 566 2953 primum
589 2875 789 2935 restituerunt
818 2876 848 2935 in
872 2876 970 2936 lucem
993 2894 1099 2955 puram
1123 2873 1278 2953 evangelii

353 2955 523 3016 doctrinam
548 2954 587 3017 de
608 2958 818 3037 poenitentia,
853 2957 892 3019 dc
923 2979 979 3019 usu
1001 2964 1276 3031 sacramentorum,

354 3039 392 3099 de
414 3039 649 3119 iustificatione,
684 3040 765 3121 qnod
799 3041 876 3102 fides
903 3042 933 3102 iu
958 3042 1110 3103 Christum
1133 3038 1281 3099 institicet

353 3141 457 3184 coram
479 3123 564 3202 Deo,
592 3143 653 3185 non
678 3144 773 3205 opera
794 3146 812 3185 a
833 3124 922 3186 nobis
944 3122 1082 3197 sacta²).
1126 3122 1193 3183 Hae
1228 3142 1279 3183 res

352 3211 443 3265 antea
465 3205 609 3267 iacebant
630 3206 759 3269 obrutae
781 3208 996 3291 nugacissimis
1019 3205 1278 3287 disputationibus

351 3287 581 3367 'lheologorum
606 3297 637 3349 et
660 3290 911 3371 canonistarum,
941 3291 972 3352 id
1001 3291 1084 3373 quod
1107 3296 1181 3351 tuuc
1203 3290 1278 3351 late·

359 3478 781 3489 —————-—

427 3584 457 3644 tt
478 3581 749 3648 ltelauchthou,
778 3597 834 3637 non
854 3582 1058 3637 Melanthos
1087 3585 1221 3650 seriptum
1241 3584 1279 3636 le·

352 3656 428 3721 gitur
445 3655 473 3705 iu
486 3653 556 3707 edd.
575 3654 646 3709 1530
664 3660 692 3707 et
712 3654 790 3711 1538.
829 3655 859 3718 2)
880 3658 909 3707 ln
930 3654 974 3709 ed.
993 3656 1052 3708 len.
1074 3654 1142 3709 1556
1161 3656 1280 3723 legitur:

351 3725 426 3793 quod
446 3725 498 3801 tide
517 3732 632 3794 propter
651 3726 789 3785 Christum
812 3727 897 3779 lilium
918 3727 970 3781 Dei
990 3729 1158 3795 accipiamus
1181 3728 1278 3779 remis-

350 3798 457 3849 sionem
479 3803 654 3865 peccatorum
672 3803 699 3850 et
710 3800 968 3864 reconciliationem,
985 3805 1012 3852 ct
1031 3800 1095 3851 insti
1107 3804 1279 3867 reputemur,

350 3883 406 3919 non
424 3874 788 4008 Blmlleabonlbbshilbpebhbt
825 3939 944 3994 exedit.
965 3938 1035 4008 Opp.
1056 3940 1137 3993 Lnth.
1159 3940 1276 3994 lenensi

351 4024 377 4060 s.
413 4008 491 4062 1556.
520 4009 567 4072 *Ἶ
586 4011 662 4063 Haeo
680 4010 815 4077 praefatio
839 4012 943 4079 legitur
966 4012 995 4062 in
1020 4011 1188 4066 editionibus
1212 4014 1280 4066 Pro·

349 4079 520 4149 positionum
537 4084 604 4133 anni
625 4082 694 4137 1530
711 4088 740 4135 et
757 4084 836 4150 1538,
853 4086 882 4137 in
902 4084 946 4139 ed.
965 4084 1036 4141 1558
1054 4084 1140 4139 deest.
