3159 4792
363 490 426 557 192
635 491 792 560 asponam
812 487 847 544 n.
864 468 1029 552 usuum

367 679 393 740 si
415 677 498 740 edita
519 676 668 738 schedula
689 677 812 757 populis
824 679 856 738 in
870 676 952 736 huno
976 673 1101 736 modum
1124 674 1293 754 persuasis·

365 769 453 823 scnt:
483 760 588 821 Nolite
617 758 732 821 offendi
761 760 871 822 iratres
886 759 1019 838 scriptis
1040 757 1233 818 Lutherianis
1247 753 1291 840 ¹),
1408 805 1410 845 ζ

366 846 463 905 multa
484 843 659 923 disputavit,
682 842 833 923 quaedam
853 843 932 903 forte
949 842 1066 902 acutius
1090 839 1177 918 dixit,
1199 859 1290 918 quam
1376 909 1378 914 Ι
1409 873 1410 894 r

366 930 501 989 omnium
524 946 632 986 sensus
655 927 800 1006 capiant,
831 921 925 986 habet
952 926 1043 984 stiam
1066 923 1171 984 divina
1193 921 1292 1018 Scrip·
1409 913 1410 920 '

366 1018 435 1072 tura
456 1028 529 1070 suos
551 1009 742 1090 periculosos
764 1009 868 1084 locos,
899 1014 1012 1089 quanto
1038 1009 1135 1088 magis
1157 1006 1304 1067 hominis
1409 997 1410 1068 ?

372 1095 531 1174 scriptura.
573 1093 671 1171 Hanc,
692 1093 833 1171 inquam,
870 1093 1032 1170 caritatis,
1056 1092 1118 1150 imo
1143 1089 1291 1160 naturalis

365 1178 438 1237 iuris
459 1176 597 1256 regulam
620 1176 687 1236 sine
708 1174 957 1237 dubiovellsnta
974 1193 1024 1234 ma
1043 1172 1101 1234 sibi
1123 1173 1238 1232 servari
1260 1172 1304 1252 in

367 1259 457 1320 simili
481 1265 603 1338 eventu,
622 1257 711 1338 quod
733 1266 764 1318 et
786 1258 918 1318 iacerem
941 1276 1011 1337 ego,
1034 1257 1059 1316 si
1081 1259 1209 1316 istorum
1231 1255 1289 1315 ritu
1381 1251 1384 1261 '

367 1362 508 1426 pararem
531 1360 593 1402 non
616 1349 678 1402 tam
701 1340 889 1418 doctrinam,
912 1358 1003 1418 quarn
1026 1358 1141 1420 nomen
1164 1338 1293 1398 alicuius

367 1425 490 1506 publice
512 1425 674 1501 insectari,
711 1443 812 1504 nequa
843 1424 923 1484 enim
952 1441 1012 1502 ego
1041 1422 1144 1492 ullum¹
1159 1439 1293 1499 unquam

368 1502 541 1584 nominavi,
567 1508 686 1588 quotics
710 1507 858 1586 dogmata
879 1525 945 1566 sum
968 1507 1147 1565 insectatus.
1191 1501 1293 1578 Quare

367 1599 399 1653 at
422 1593 495 1651 mihi
517 1611 580 1651 non
604 1591 784 1651 nocuissent
796 1610 852 1652 nec
868 1590 998 1666 veritati,
1023 1587 1165 1648 omnibus
1188 1593 1291 1652 autem

367 1677 484 1756 optime
504 1674 701 1754 profuissent,
719 1672 842 1751 sibique
863 1673 937 1756 ipsis
952 1671 1081 1752 gloriam
1104 1677 1134 1731 et
1155 1687 1292 1730 amorem

334 1818 344 1824 ,
368 1767 430 1836 tam
453 1758 510 1818 Dei
532 1774 623 1837 quam
644 1756 803 1816 hominum
826 1755 1039 1816 obtinuissent.
1334 1825 1341 1836 p

451 1840 498 1900 Ac
519 1859 615 1915 nunc,
647 1840 714 1917 quis
736 1857 798 1897 non
823 1837 908 1898 odiat
927 1837 985 1897 hos
1007 1837 1170 1916 Magistros
1193 1854 1293 1915 popu·
1368 1863 1370 1868 ·

368 1924 481 2000 lorum,
512 1923 563 2001 qui
585 1922 664 1981 alios
686 1920 815 1997 docent,
846 1940 880 1980 se
902 1922 987 2000 ipsos
1011 1939 1074 1980 non
1097 1919 1227 1996 docent,
1251 1916 1295 1978 'et
1364 1914 1367 1921 ‘

368 2004 563 2088 proverbium
587 2004 799 2084 evangelicum
830 2005 861 2063 in
886 2022 921 2063 sa
943 2001 1124 2063 ostendunt:
1163 2000 1311 2078 Medica,

369 2109 442 2149 cura
464 2086 639 2168 teipsum?
662 2086 733 2147 dum
758 2087 855 2166 magis
877 2087 970 2146 animi
993 2086 1111 2163 motha,
1136 2104 1227 2164 qnam
1250 2085 1292 2144 iu·

369 2172 450 2233 dicio
473 2191 528 2252 per
555 2189 705 2251 praeceps
726 2181 818 2230 ruunt
838 2171 868 2229 in
899 2169 1194 2250 praevaricationem
1219 2167 1295 2226 cari·
1376 2167 1379 2176 '
1409 2149 1410 2172 ἦ

370 2257 441 2316 tatis
464 2262 496 2315 et
516 2255 588 2315 iuris
612 2251 775 2330 naturalis,
810 2261 841 2313 at
869 2253 956 2313 iuxta
983 2251 1178 2332 evangelium
1201 2251 1293 2310 festu-

370 2358 438 2399 cam
459 2340 490 2398 in
514 2337 605 2399 oculo
638 2355 707 2397 meo
737 2337 918 2419 observant,
951 2335 1036 2397 trabs
1064 2354 1120 2395 sna
1141 2332 1294 2413 neglecta,

369 2430 400 2483 et
420 2421 586 2502 glutientes
609 2419 759 2480 camelum
782 2419 888 2480 colant
908 2419 1046 2486 culicem.
1163 2493 1166 2497 ι

453 2502 528 2579 Quis
550 2509 652 2563 autem
680 2503 803 2581 scripsit
832 2502 948 2562 dixitve
976 2520 1111 2579 unquam
1136 2508 1200 2564 tam
1233 2501 1293 2558 sin·

370 2606 455 2665 cere,
491 2585 574 2665 quod
595 2585 713 2646 insidiis
735 2584 907 2646 invidorum
937 2603 1000 2646 non
1023 2584 1155 2664 patuerit
1182 2582 1221 2643 sd
1244 2581 1294 2642 de·
1320 2637 1323 2644 .

371 2669 606 2750 pravationem?
638 2668 669 2729 Si
697 2669 789 2729 talem
819 2668 981 2748 Scripturis
1012 2667 1126 2727 sanctis
1154 2665 1295 2746 legendis

371 2751 502 2813 afferant
522 2752 674 2829 furorem,
697 2770 776 2830 quae
798 2751 918 2832 syllaba
939 2752 969 2810 in
992 2753 1036 2810 eis
1059 2769 1121 2810 non
1147 2751 1204 2808 erit
1225 2750 1296 2810 hae-

371 2835 488 2896 retica?
521 2834 570 2894 An
596 2835 658 2895 hoc
689 2833 811 2894 discunt
831 2834 969 2915 Magistri
1001 2834 1098 2894 nostri
1128 2840 1175 2892 tot
1195 2833 1295 2906 annis,

371 2926 419 2980 tot
439 2917 622 2998 sumptibus,
645 2924 691 2977 tot
712 2921 791 2977 curis
814 2918 942 2978 Lovanii
965 2924 996 2977 at
1018 2916 1184 2992 Coloniae,
1208 2917 1294 2975 ut-in

371 3003 479 3062 alienis
501 3001 613 3064 libellis
633 3003 664 3060 in
689 3003 786 3062 eniosi
809 2999 885 3061 fiant
907 2999 1166 3060 calumniatores?
1189 2998 1294 3059 stubi

370 3086 459 3147 locus
482 3104 545 3144 non
568 3093 616 3145 ast
636 3021 808 3144 calumniae
830 3083 958 3145 violenti
981 3080 1214 3162 depravatoris?
1237 3081 1293 3140 Pu·

371 3175 435 3247 tas,
458 3167 530 3247 quid
552 3175 584 3227 et
605 3186 663 3248 ego
687 3186 812 3247 possem
835 3167 866 3226 in
889 3185 994 3227 eorum
1018 3164 1194 3241 dialectica,
1231 3163 1296 3244 phi-

304 3304 306 3308 .
371 3250 524 3332 losophia,
546 3251 714 3331 theologia,
735 3249 767 3309 id
788 3255 845 3326 est,
865 3249 958 3330 larvis
979 3249 1182 3309 humanorum
1199 3247 1297 3327 phan-

370 3341 544 3413 tasmatum,
568 3334 593 3394 si
616 3333 727 3395 codem
749 3333 875 3413 ingenio
898 3339 965 3392 utar
982 3331 1031 3393 vel
1046 3331 1166 3392 decima
1189 3329 1298 3408 parte?

371 3417 435 3478 Aut
456 3436 536 3496 quac
556 3418 635 3477 irata
657 3417 801 3476 meretrix
822 3435 885 3476 non
899 3417 990 3476 ctiam
1006 3421 1130 3496 superet
1150 3414 1209 3474 hac
1231 3419 1297 3474 arte
1363 3448 1366 3453 -
1409 3457 1410 3466 η

371 3503 535 3582 Magistros
557 3500 687 3560 eximios
709 3498 853 3559 nostros?

457 3583 535 3644 Vide
559 3603 649 3663 ergo,
679 3601 746 3642 cunr
770 3600 876 3643 eorum
900 3581 1076 3659 dialectica,
1098 3578 1300 3659 philosophia

373 3676 405 3730 et
426 3667 585 3748 theologia
607 3671 748 3725 scateant
764 3665 932 3745 erroribus,
954 3666 1016 3725 imo
1040 3663 1190 3743 quaedam
1216 3681 1298 3723 erro-

371 3771 475 3813 rornm
498 3750 604 3810 lernae
627 3750 696 3823 sint,
719 3768 811 3827 quam
834 3751 935 3828 acqui,
956 3767 1046 3826 quam
1064 3753 1204 3806 amantes
1228 3752 1301 3806 sunt

372 3836 504 3894 invicem
527 3835 725 3913 interpretes,
759 3830 838 3892 adeo
862 3839 895 3892 ut
916 3832 1086 3910 impiissimi
1111 3829 1299 3904 Aristotelis,

354 3983 371 4103 ἶ,
447 4024 478 4092 1)
499 4027 528 4076 1¹1
548 4023 591 4076 ed·
611 4024 697 4091 orig-1
717 4021 881 4074 Lutherinis.
