3159 4792
349 480 413 549 408
633 482 951 553 -nupsuusnun

351 672 457 815 doicpi,
499 691 563 733 non
604 672 703 735 laicos
736 678 865 753 cogeret
897 673 969 734 esse
997 672 1126 736 alterins
1159 670 1276 751 speciei

353 776 421 817 men
446 775 522 819 roos.

415 858 475 918 64:
489 854 549 917 Sed
573 857 652 915 seria
675 860 722 916 est
742 854 798 915 illa
817 856 913 931 ratio,
937 854 1020 934 quod
1042 853 1222 915 sacerdotes
1244 859 1276 912 et

351 938 515 999 ecclesiam
528 938 584 998 Dei
608 958 663 999 seu
687 938 794 999 laicos·
806 938 867 999 hoc
886 946 1080 999 sacramento
1103 937 1276 1016 oportuerit

352 1022 494 1093 discerni,
518 1022 736 1083 etsacerdotes
750 1023 925 1101 superiores·
935 1029 968 1081 at
976 1021 1138 1101 digniores
1157 1019 1277 1096 haberi,

352 1122 443 1184 quarn
467 1104 630 1163 ecclesiam
652 1106 708 1165 Dei
730 1121 784 1165 seu
808 1105 914 1165 laicos.

415 1208 464 1269 65.
488 1202 572 1264 Haec
593 1208 671 1266 ratio
695 1213 726 1266 et
748 1196 821 1264 mihi
843 1206 956 1284 placet,
978 1224 1038 1283 qua
1058 1202 1223 1264 confitetur
1240 1222 1275 1262 os

352 1307 458 1348 eorum
482 1287 659 1367 imprudens
688 1298 718 1349 et
740 1288 918 1369 impudens,
956 1285 1038 1367 quod
1071 1307 1105 1347 se
1127 1288 1214 1366 ipsos
1237 1284 1275 1345 ab

354 1370 486 1513 ecclipsis
510 1370 569 1513 tDei
601 1374 811 1451 separaverint
841 1377 871 1432 et
900 1390 992 1451 supra
1025 1390 1092 1430 eam
1116 1370 1277 1449 tyrannice

355 1462 426 1517 extu
442 1474 529 1513 erm.

416 1557 465 1622 66.
486 1554 555 1617 Hoc
577 1561 641 1629 est,
675 1554 755 1633 quod
788 1562 819 1615 et
848 1574 905 1615 nos
928 1553 1076 1629 dicimus,
1110 1552 1276 1613 ecclesiam

354 1657 454 1719 papae
485 1657 701 1719 ease‘regnum
725 1638 910 1716 antichristi,
934 1638 1016 1717 quod
1039 1656 1074 1697 se
1096 1636 1279 1715 opposuerit

229 1738 235 1745 ·
354 1727 385 1780 et
412 1720 555 1781 extulerit
583 1740 675 1799 supra
696 1720 796 1781 Deum
830 1728 861 1780 et
890 1723 994 1781 omnia
1023 1720 1142 1796 divina,
1179 1728 1210 1778 et
1246 1719 1278 1779 in

356 1802 470 1883 teiuplo
495 1804 551 1863 Dei
573 1803 652 1863 sicut
675 1804 757 1865 Deus
780 1803 898 1865 sedeat.

416 1904 464 1966 67.
488 1903 677 1963 Consolandi
701 1911 772 1963 sunt
795 1904 885 1985 igitur
907 1903 1032 1980 fratres,
1054 1904 1105 1983 qui
1129 1902 1170 1963 ob
1193 1902 1279 1963 huno

354 1986 513 2049 articulum
536 1987 706 2065 patiuntur,
734 1988 825 2063 certi,
848 1986 931 2065 quod
953 1985 1138 2048 sacrificium
1161 1987 1279 2052 suavis·

355 2070 465 2131 simum
489 2069 557 2133 Deo
579 2070 651 2135 facti
674 2078 751 2130 sunt

416 2170 466 2232 68.
488 2169 610 2229 (tamum
640 2176 687 2230 est
715 2171 814 2248 enim,
831 2169 929 2249 -quod
953 2177 1080 2249 propter
1101 2170 1201 2229 Deum
1223 2188 1281 2247 pa-

355 2252 478 2329 tiuntur,
501 2269 570 2313 oum
585 2251 709 2313 dubium
722 2255 847 2329 nonsit,
868 2252 1072 2329 adversarios,
1095 2255 1146 2331 qui
1162 2259 1280 2333 cogunt

354 2334 394 2394 ad
426 2337 626 2397 omissionem
653 2336 853 2396 institutionis
875 2334 985 2397 Christi
1017 2344 1049 2396 et
1068 2338 1168 2415 ipsam
1192 2336 1277 2394 insti

354 2419 503 2479 tutionem
527 2419 685 2493 damnant,
707 2438 838 2499 peccare
858 2420 890 2478 in
903 2418 1049 2498 Spiritum
1072 2425 1225 2495 sanctum,
1247 2425 1280 2477 et

355 2520 424 2561 esse
446 2501 539 2579 plano
560 2500 702 2563 diabolos
722 2504 910 2566 incarnatos.

416 2586 466 2646 69.
491 2582 529 2642 ht
556 2583 700 2645 hortandi
727 2590 799 2645 sunt
828 2584 883 2645 illo
907 2585 1006 2663 Apoc.
1027 2584 1080 2647 18:
1116 2583 1210 2643 Exite
1236 2582 1279 2643 de

354 2665 417 2739 illa,
441 2666 554 2745 popule
577 2686 673 2744 mens,
695 2686 734 2726 ne
747 2668 913 2747 participes
926 2668 992 2727 sitis
1003 2666 1186 2727 delictorum
1201 2668 1278 2743 eius,

355 2752 387 2809 et
409 2768 448 2809 ne
470 2749 509 2808 de
529 2749 629 2829 plagis
653 2751 717 2810 eius
741 2752 911 2829 accipiatis.
1016 2753 1020 2755 ’

419 2835 469 2896 70.
491 2831 695 2893 Gaudendum
718 2839 781 2910 est,
804 2835 830 2891 si
851 2835 902 2892 isti
923 2831 1038 2894 diaboli
1060 2830 1280 2892 maledixerint

356 2914 460 2993 uobis,
492 2922 523 2975 et
544 2915 677 2976 dixerint
699 2934 791 2975 omne
814 2916 927 2975 malum
957 2924 1065 2975 contra
1085 2932 1163 2990 noa,
1194 2934 1278 2975 men-

355 2998 465 3057 tientes
487 3002 518 3059 et
540 2998 800 3077 blasphemantes.
879 3016 881 3023 ·
907 3037 910 3043 -

381 3118 382 3125 κ
416 3084 466 3145 71.
489 3080 568 3140 Nam
591 3099 661 3141 csse
682 3081 929 3158 schismaticum,
957 3088 1152 3161 apostatam,
1172 3081 1278 3141 haera-

354 3164 447 3223 ticum
472 3162 553 3243 apud
577 3165 666 3224 istam
689 3165 806 3224 lernam
830 3163 959 3225 diaboli,
976 3171 1023 3225 est
1051 3182 1126 3223 vere
1149 3163 1278 3224 catholi-

356 3264 424 3305 cum
445 3265 516 3305 esse
538 3248 568 3305 iu
591 3248 726 3309 ecclesia
744 3258 775 3307 et
796 3266 894 3328 ragno
915 3246 1039 3307 Christi.

417 3332 466 3393 72.
492 3327 576 3389 Sicut
596 3348 716 3389 summa
740 3330 806 3391 lans
835 3337 868 3390 et
895 3330 1078 3410 gloriaest,
1109 3328 1277 3390 aediaholo

354 3418 543 3490 apostatare,
566 3419 597 3471 et
618 3432 636 3471 a
657 3432 754 3493 regno
776 3415 897 3494 peccati
920 3421 951 3473 et
977 3413 1084 3472 mortis
1107 3411 1278 3472 schismati·

355 3494 519 3554 oum³fieri.
563 3520 566 3527 ⁴

368 3604 372 3613 ’
412 3580 460 3641 73.
485 3578 608 3637 Frustra
629 3578 721 3657 igitur
739 3576 853 3637 inflant
874 3585 905 3640 et
925 3576 1133 3637 iactanthano
1154 3594 1277 3651 vocem,

354 3659 505 3732 Ecclesia,
527 3680 596 3720 oum
617 3679 666 3720 res
690 3665 721 3719 et
742 3662 857 3720 fructus
880 3661 1068 3720 convincant
1099 3678 1172 3735 eos,
1205 3666 1279 3739 post

352 3742 452 3819 ipsum
481 3742 657 3820 diabolum,
689 3746 825 3803 omnium
853 3744 1007 3823 pessimos
1041 3742 1196 3803 ecclesiae
1222 3742 1277 3803 ho·

353 3828 660 3969 sms7pssg⁰lluViem
685 3926 758 3967 vero
781 3908 901 3987 furum,
913 3908 1093 3989 speluncam
1110 3908 1277 3985 lamoniam,

354 3992 387 4046 et
408 3987 571 4049 ecclesiam
593 3987 815 4052 homicidarum
836 3992 1009 4053 rectissima
1026 3991 1097 4052 dici.
1189 4017 1193 4020 ¹
