3159 4792
465 519 609 572 liminius
626 491 707 574 Loth.
725 517 902 573 tenpestate
921 515 1085 574 Christiana.
1155 517 1224 584 ’219

303 735 306 738 ’
379 704 416 766 ln
438 702 512 780 line,
534 717 574 766 ne
595 723 710 765 vaenue
731 703 926 787 advenerim„
943 705 977 769 B.
1000 704 1076 781 P.¹)
1101 721 1222 767 meeum

297 786 396 849 aliero
437 788 631 849 tmetatulum
666 788 749 848 huno
787 789 843 850 sub
872 796 924 850 tuo
951 789 1077 849 nomine
1097 788 1222 867 editum,

297 872 385 931 velut
405 871 544 950 anspieio
567 873 654 952 pacis
681 872 937 952 componendae,
972 879 1003 932 et
1024 871 1126 933 bonae
1147 873 1223 952 spei,

296 957 327 1015 in
350 973 415 1034 quo
437 960 562 1036 gustare
582 955 693 1035 possis,
716 954 898 1035 quibusnam
915 955 1021 1016 studiis
1040 975 1099 1037 ego
1121 955 1224 1015 malim
1248 1013 1252 1016 .

298 1045 328 1099 et
350 1039 469 1118 possim
492 1039 676 1099 fructuosius
699 1041 863 1118 oueupari,
893 1041 920 1099 si
942 1058 997 1118 per
1018 1041 1131 1120 impios
1153 1038 1225 1099 adu-

297 1122 415 1182 latores
438 1129 507 1182 tuoe
524 1121 657 1200 liceret,
695 1130 727 1182 et
759 1123 907 1182 haetenus
939 1122 1083 1183 licuisset.
1126 1123 1226 1182 Parva

299 1224 347 1265 res
372 1210 430 1283 est,
452 1206 477 1264 si
502 1224 613 1285 eorpus
636 1205 765 1285 speeies,
788 1204 843 1265 sed
857 1224 986 1284 summa,
1007 1205 1066 1266 nisi
1088 1204 1224 1284 sallon),

299 1289 384 1348 ritae
397 1287 592 1348 Christianae
613 1288 799 1368 eompendio
813 1294 971 1370 congesta,
993 1289 1019 1348 si
1040 1289 1223 1349 sententiam

299 1377 416 1451 captes.
458 1371 568 1450 Neque
593 1370 695 1433 babeo
727 1391 845 1452 pauper
865 1371 948 1434 aliud
978 1390 1039 1451 quo
1062 1370 1225 1452 gratificer,

299 1473 357 1515 nee
379 1461 415 1516 tn
435 1454 498 1515 alio
522 1473 604 1536 eges,
626 1473 718 1535 quam
740 1455 890 1535 spirituali
912 1455 995 1515 dono
1018 1455 1132 1536 augeri.
1156 1454 1224 1530 Quo

299 1544 330 1598 et
358 1557 408 1598 me
437 1538 536 1619 ipsum
566 1537 721 1598 Paternati
749 1543 781 1598 et
807 1540 840 1598 B.
856 1537 886 1611 3)
925 1544 996 1598 tuae
1029 1537 1224 1616 nommendo,

300 1639 390 1701 qnam
413 1621 566 1682 Dominus
587 1621 672 1682 lesus
701 1627 803 1681 servet
828 1621 1080 1700 inperpetuum,
1114 1620 1224 1682 Amen.

322 1704 593 1786 Vuittembergae,
614 1711 703 1765 sexta
726 1703 913 1785 Septembris
931 1701 984 1782 4),
1007 1703 1048 1767 Μ.
1070 1703 1109 1766 Ι).
1133 1702 1203 1765 ΧΧ.
1236 1695 1241 1700 ’

468 1905 520 1966 De
541 1906 750 1968 Libertate
773 1901 1065 1983 Christiana⁵).

384 2039 498 2101 Facilis
528 2057 578 2100 res
611 2039 713 2099 multis
751 2045 799 2101 eet
830 2040 897 2099 visa
933 2038 1107 2099 Christiana
1138 2037 1227 2119 fides,

300 2143 393 2204 quom
425 2130 457 2184 et
476 2141 539 2184 non
562 2123 651 2202 pauni
672 2123 752 2183 inter
771 2123 899 2183 virtutes
922 2141 978 2182 eeu
1000 2123 1101 2183 socias
1122 2141 1226 2182 nume-

300 2214 385 2283 rant,
427 2206 512 2286 quod
533 2206 664 2284 iaciunt,
700 2206 771 2285 quia
798 2205 884 2266 nullo
913 2207 1124 2284 experimento
1160 2224 1229 2266 eam

302 2290 531 2370 probaverunt,
570 2308 631 2350 nee
662 2296 796 2368 quantae
827 2290 867 2349 sit
898 2288 1016 2348 virtutis
1048 2305 1184 2366 unquam
1194 2287 1226 2364 ⁸)

300 2376 518 2456 gustaverunt,
548 2391 616 2432 eum
636 2370 702 2432 lieri
733 2392 795 2432 non
818 2372 932 2452 possit,
963 2377 996 2431 ut
1027 2370 1106 2430 bene
1129 2370 1168 2432 de
1190 2389 1228 2431 aa

301 2456 436 2533 scribat,
468 2463 520 2516 aut
540 2462 625 2517 reete
646 2456 760 2534 scripta
782 2455 862 2517 bene
883 2453 1051 2533 intelligat,
1090 2454 1141 2532 qui
1163 2471 1226 2516 non

301 2541 444 2619 spiritum
481 2538 634 2616 eiusdem,
665 2539 844 2618 urgentibus
878 2536 1141 2614 tribulationibus,
1172 2538 1227 2597 ali·

302 2622 431 2702 qnando
453 2623 591 2702 gustarit.
634 2620 694 2697 Qui
716 2628 818 2682 autem
840 2621 892 2681 vel
903 2620 1059 2701 paululum
1082 2621 1226 2702 gustavit,

301 2725 366 2766 non
388 2711 495 2786 potest
516 2723 650 2784 unquam
668 2706 742 2764 eatis
765 2704 804 2764 de
825 2704 933 2765 eadem
949 2703 1092 2782 seribere,
1115 2704 1228 2783 dieera,

184 2834 186 2844 r
301 2789 460 2870 negitare,
493 2787 607 2848 audire.
649 2787 732 2848 Fons
764 2788 846 2848 enim
875 2786 1008 2861 vivuat)
1034 2793 1081 2846 est
1114 2787 1227 2848 saliens
1307 2841 1313 2852 ,
1397 2793 1398 2802 ’

302 2873 332 2931 in
354 2873 452 2931 vitam
481 2876 654 2950 aeternam,
686 2877 720 2931 ut
741 2871 879 2931 Christus
901 2869 1007 2931 lohan.
1029 2871 1059 2930 4.
1082 2870 1228 2949 appellat.

384 2953 456 3038 Ego
487 2960 589 3015 autem
629 2972 813 3033 quamquam
854 2953 894 3013 de
933 2949 1122 3012 abundantia
1164 2970 1228 3011 non

304 3037 435 3118 glorier,
471 3037 641 3116 seiamque,
671 3056 763 3116 quam
796 3038 834 3097 sit
868 3035 939 3094 mibi
963 3039 1049 3093 curta
1077 3033 1228 3113 supellex,

304 3140 396 3200 spero
419 3128 522 3180 tamen
545 3119 725 3181 nonnullam
749 3125 867 3201 guttam
890 3117 960 3177 fidei
983 3116 1102 3196 magnis
1125 3120 1155 3175 et
1176 3134 1227 3176 va

303 3204 357 3263 riis
379 3203 528 3284 agitatum
550 3204 770 3264 tentationibus
791 3221 842 3261 rna
870 3204 1087 3277 eonseeutum,
1123 3217 1228 3279 posse-

306 3305 366 3365 que
387 3288 414 3346 ai
439 3304 503 3345 non
515 3286 697 3367 elegantius,
720 3285 941 3346 oertesolidins
954 3282 993 3342 de
1006 3301 1043 3343 ea
1065 3301 1098 3343 re
1117 3282 1227 3358 dieere,

305 3387 395 3448 quam
419 3368 555 3429 liberales
575 3369 619 3428 illi
641 3375 673 3430 et
700 3368 828 3429 subtiles
850 3367 1032 3436 nimirum⁸l
1058 3365 1228 3446 disputato-

305 3471 354 3512 res
363 3452 515 3513 haetenus
525 3451 742 3529 disseruerunt,
764 3469 821 3511 sua
835 3452 971 3532 ipsorum
983 3468 1047 3509 non
1059 3447 1230 3528 intelligen-

343 3693 373 3762 1)
393 3693 478 3748 lned.
504 3692 584 3748 1521:
606 3693 638 3744 B.
650 3692 680 3745 Τ.
700 3691 812 3756 2)Ιιιά.
832 3691 929 3744 verba:
950 3692 1020 3743 nisi
1039 3687 1165 3752 fallor,
1183 3703 1229 3756 pa·

308 3765 538 3833 rentbeaissignis
556 3763 744 3818 includuntur.
764 3765 797 3828 3)
817 3763 935 3816 Ibidem:
957 3759 1132 3814 Beatitudini.
1151 3759 1184 3822 4)
1197 3758 1229 3814 In

309 3837 349 3891 ed.
369 3836 441 3888 lan:
484 3835 717 3905 Vnittembergae.
746 3836 828 3888 Anno
858 3835 891 3888 li.
915 3835 941 3885 b.
962 3833 1021 3886 XX.
1040 3831 1087 3886 Vl.
1112 3829 1229 3898 Aprilis.

308 3909 338 3969 5)
360 3908 389 3960 ln
417 3907 462 3962 ed.
487 3908 572 3962 1521:
601 3907 710 3959 Martini
738 3908 851 3963 Lutheri
881 3910 1009 3957 tractatus
1037 3902 1071 3956 de
1102 3901 1230 3956 libertate

308 3979 463 4032 obnatiena
500 3979 529 4046 6)
549 3979 579 4032 ln
604 3978 648 4033 ed.
667 3981 751 4050 erige
783 3993 935 4046 nunquam.
973 3977 1004 4043 7)
1023 3973 1109 4030 lbid.:
1139 3977 1229 4029 unius.
1300 3980 1317 3993 ·

308 4050 339 4117 8)
357 4049 389 4106 ln
406 4050 451 4106 ed.
472 4050 567 4108 lb2i.:
585 4051 681 4104 nimio.
