3159 4792
350 493 393 573 32
560 506 605 559 Ad
623 505 827 585 Aegocerotem
843 505 1030 571 ,Emsemnum
1070 578 1072 583 ι

352 692 523 770 calcitrare,
546 699 578 755 et
599 696 852 755 intitsmoontra
874 713 907 755 se
930 691 1096 774 ipsam,.id
1118 698 1175 768 est,
1197 690 1272 751 vari·

352 782 447 841 tatem
470 777 591 839 latrare.
927 832 928 841 ,

433 860 548 921 Verum
575 860 650 921 illud
681 860 897 921 suavissimum
929 859 978 919 vel
1012 858 1182 921 balsamum
1203 856 1272 918 Em·

350 963 493 1005 seranum
516 942 673 1022 quomodo
695 943 911 1023 praeteream?
955 942 1046 1017 Quod
1067 940 1269 1003 ratiunculam

319 1039 323 1046 ‘
351 1047 469 1105 meam,
506 1045 566 1105 qua
588 1026 710 1107 Lipsiae
743 1026 991 1102 contendebam,
1024 1025 1188 1087 ecclesiam
1215 1023 1271 1085 Dei

350 1110 451 1176 fuisse,
466 1110 533 1170 sine
554 1110 732 1171 monarchia
753 1110 861 1189 viginti
894 1112 983 1169 annis
1017 1116 1089 1170 ante
1122 1108 1272 1169 ecclesiae

352 1193 512 1255 Romanae
534 1202 650 1270 ortum,
683 1192 754 1253 ideo
783 1212 847 1253 non
869 1212 938 1255 esse
961 1191 1183 1267 necessariam,
1216 1206 1273 1249 nec

351 1276 423 1339 iuris
447 1275 551 1355 divini,
575 1277 618 1336 ita
640 1276 745 1353 solvis,
768 1276 835 1337 Nec
857 1278 948 1337 etiam
971 1276 1065 1353 Petri,
1086 1275 1203 1353 inquis,
1220 1290 1272 1352 po-

350 1360 455 1419 testati
476 1367 529 1419 aut
551 1378 764 1424 successorum
800 1360 865 1419 eius
899 1360 967 1438 plus
1004 1357 1154 1435 detrahit,
1189 1353 1272 1434 quod

333 1456 423 1523 ‘post
442 1442 621 1503 vicesimum
652 1461 765 1503 annum
796 1440 849 1501 uel
882 1442 1108 1509 citraltomam
1142 1440 1272 1519 primum

351 1525 507 1605 applicuit,
530 1544 621 1605 quarn
643 1525 782 1585 felicitati
803 1524 931 1588 latronis
954 1524 1066 1601 obluit,
1099 1521 1181 1602 quod
1205 1527 1276 1601 post

351 1607 554 1689 quadraginta
582 1608 706 1669 demum
747 1607 813 1669 dies
842 1626 910 1681 cum
934 1608 1054 1668 Christo
1086 1608 1118 1667 in
1139 1605 1273 1670 coelum

352 1691 501 1768 ascendit,
524 1693 609 1753 lento
632 1689 714 1753 eniin
736 1710 901 1771 passuras
923 1691 1076 1753 humanae
1098 1688 1254 1749 incedunt.

437 1774 534 1853 Vide,
563 1776 603 1835 mi
626 1775 749 1851 ilmser,
782 1794 822 1834 an
855 1793 918 1834 non
947 1775 1025 1835 haec
1056 1775 1136 1833 inter
1158 1771 1273 1853 poeula

353 1857 477 1934 dixeris,
499 1865 553 1918 aut
574 1859 653 1918 sicut
666 1858 791 1919 Balaam
816 1858 941 1937 propria
963 1864 993 1917 te
1014 1874 1093 1917 voce
1108 1872 1277 1935 coarguas,

352 1959 401 2000 res
423 1941 572 2000 humanas
596 1941 679 2007 lento
702 1960 795 2019 passu
817 1938 961 2001 incedere
982 1938 1077 2019 dicis,
1100 1946 1132 1999 et
1153 1939 1215 1999 hoc
1230 1937 1275 2005 ..de

352 2030 506 2103 potestate
530 2022 727 2083 monarchiae
747 2022 828 2083 Petri
850 2022 942 2100 dicis,
971 2042 1020 2083 res
1043 2041 1118 2102 ergo
1141 2022 1275 2084 humana

353 2113 401 2167 est
424 2106 623 2167 monarchia?
665 2106 772 2185 Roga,
806 2106 913 2167 desine
939 2105 1107 2185 aliquando
1131 2106 1275 2167 resistere

354 2190 473 2249 veritati
500 2210 556 2269 per·
582 2209 617 2250 os
650 2197 734 2249 tuum
764 2188 913 2268 loquenti.
956 2188 1017 2249 Tot
1038 2190 1098 2249 iam
1122 2188 1274 2267 exemplis

354 2272 593 2353 deprehenderis
616 2274 775 2334 veritatem
803 2273 834 2331 in
868 2271 962 2334 eorde
991 2279 1043 2334 tuo
1076 2272 1276 2347 violentasse,

355 2356 487 2417 necdum
505 2357 670 2436 resipiscis,
693 2374 761 2433 nec,
782 2355 866 2435 quod
889 2357 980 2417 toties
1002 2354 1055 2417 tibi
1079 2357 1213 2433 erumpit
1233 2354 1276 2413 in-

354 2440 429 2515 vito,
454 2441 596 2502 moveris.
639 2438 724 2499 Cave
747 2458 786 2499 ne
815 2439 841 2499 si
869 2440 989 2500 veritati
1020 2440 1081 2499 vim
1110 2438 1203 2500 toties
1233 2438 1274 2497 in·

354 2523 475 2600 tuleris,
508 2524 577 2603 ipsa
603 2530 634 2583 te
656 2521 823 2601 aliquando
846 2522 1122 2601 irrecuperabiliter
1144 2520 1275 2595 deserat,

355 2609 467 2685 sponte
488 2605 601 2667 videris
631 2605 711 2665 velle
740 2607 902 2668 caecutire.
951 2604 983 2665 Si
1006 2605 1138 2686 Caiphae
1166 2612 1199 2665 et
1221 2604 1275 2665 Ba·

355 2689 436 2750 laam
459 2690 580 2749 veritati
603 2708 658 2770 per
679 2708 714 2749 se
740 2688 842 2751 dictae
876 2707 938 2749 non
974 2689 1173 2763 restitissent,
1203 2682 1276 2766 quid

355 2772 415 2832 illis
438 2770 556 2833 beatius
582 2772 682 2833 foret?
720 2772 873 2852 Exempla
905 2770 960 2834 tibi
995 2777 1081 2849 suut,
1114 2771 1167 2833 tibi
1196 2770 1277 2847 dico,

356 2854 510 2917 terribilia.
811 2902 823 2921 ,.

437 2938 478 2999 Et
498 2940 620 3001 adeone
651 2938 720 2998 vilis
749 2938 804 3002 tibi
832 2958 881 3000 res
903 2943 961 2998 ⁴est
984 2938 1031 2997 ius
1055 2936 1191 2997 divinum
1214 2954 1278 2998 mo·

355 3022 500 3084 narchiae
524 3031 611 3100 tuae,
646 3029 681 3082 ut
700 3023 801 3103 ipsum
816 3078 818 3083 ,
833 3023 919 3083 unius
943 3021 1071 3093 latronis
1094 3019 1208 3081 dilatae
1231 3038 1278 3079 sa·

355 3105 411 3167 luti
433 3106 615 3186 compares?
645 3106 706 3167 Cur
734 3124 809 3186 ergo
833 3107 875 3165 tui
899 3104 1085 3177 monarchae
1107 3104 1187 3163 Petri
1210 3121 1276 3163 suc·

356 3208 497 3266 cessores
519 3209 584 3250 non
613 3189 706 3249 modo
734 3208 797 3249 non
828 3206 896 3248 cum
924 3188 1013 3247 unius
1035 3186 1185 3263 hominis,
1222 3184 1277 3245 sed

355 3292 395 3331 ne
417 3290 487 3330 cum
509 3273 642 3332 universi
665 3270 787 3350 quidem
811 3270 893 3331 orbis
916 3270 1068 3331 ecclesiae
1099 3269 1278 3331 conditione
1355 3276 1359 3294 ¹

356 3373 391 3415 se
412 3356 585 3434 comparari
607 3353 783 3434 patiuntur?
806 3354 878 3414 dum
901 3354 1062 3435 privilegia
1083 3360 1114 3413 et
1134 3354 1201 3413 iura
1217 3352 1277 3413 Ro-

355 3456 466 3501 manae
487 3438 640 3498 ecclesiae
662 3437 742 3499 adeo
765 3445 890 3499 strenue
911 3444 943 3498 et
963 3438 1014 3517 pie
1036 3436 1222 3511 detendunt,
1246 3443 1279 3495 ot

354 3523 506 3602 integram
528 3521 689 3582 Graeciam
713 3529 746 3582 et
760 3522 950 3600 Bohemiam,
973 3527 1066 3599 atque
1081 3519 1224 3594 Galliam,
1247 3523 1280 3578 et

357 3624 465 3667 omnes
493 3606 669 3685 provincias
707 3605 870 3666 maluerint
897 3606 1012 3686 perire,
1048 3605 1110 3665 imo
1147 3603 1278 3683 propriis

356 3688 530 3749 fulminibus
555 3686 643 3771 (cuin
666 3688 835 3749 Canonista
856 3689 985 3767 loquor)
1010 3688 1108 3767 parati
1129 3688 1191 3747 sint
1210 3704 1277 3764 per·

357 3771 430 3831 dere
452 3779 484 3831 et
505 3774 789 3850 excommunicare,
818 3790 910 3851 quam
943 3790 1004 3831 uno
1035 3777 1191 3833 momento
1214 3767 1278 3847 pati

357 3854 482 3915 dilatam
496 3854 558 3916 'aut
574 3854 741 3917 subiectam
760 3862 814 3915 aut
829 3860 974 3916 mutatam
987 3854 1177 3916 voluntatem
1191 3870 1277 3911 suam

360 3940 564 4018 (potestatem
588 3938 682 4018 dixi).

441 4019 521 4082 Vide
541 4041 626 4102 ergo,
648 4042 688 4083 ne
710 4029 741 4083 tu
764 4022 807 4083 sis
828 4020 1024 4101 impiissimus
1053 4021 1085 4080 in
1113 4025 1176 4081 tam
1197 4016 1280 4077 aelo-
