3159 4792
356 528 418 597 140
629 528 786 599 Responsio
806 530 835 582 it.
855 528 892 583 ll.
909 527 1020 583 botheri

357 719 448 779 etiem
471 718 594 796 futuris,
610 710 827 797 'undecunque
853 716 1036 777 instantibus
1065 722 1097 774 et
1118 715 1278 775 imminen·
1307 789 1312 795 ἢ

357 800 437 863 tibus
458 802 626 861 animarum
641 800 784 880 perieulis
802 798 957 860 custodire
980 805 1010 858 et
1030 799 1119 871 tueri,
1140 816 1177 857 ao
1199 805 1278 858 tran

359 884 516 963 quillitatis
539 891 678 963 tempore
700 882 834 961 salubria
849 901 1034 962 praeparare
1055 880 1202 956 remedia,
1225 900 1289 961 per.

357 987 437 1048 quae
458 965 694 1046 irrumpentibus
716 966 831 1026 morbis
855 965 967 1025 dietum
982 983 1107 1045 gregem
1132 984 1152 1024 a
1173 971 1277 1025 conta

355 1052 450 1131 gione
472 1068 715 1129 praeservemus.
1163 1109 1167 1115 ,

440 1133 642 1213 comiteque
669 1132 849 1193 tractatulus
876 1130 999 1212 quidam
1028 1131 1095 1191 sive
1121 1148 1224 1191 sermo
1248 1131 1277 1190 in

357 1216 475 1297 vulgari
509 1215 656 1276 idiomate
689 1214 728 1276 de
756 1216 964 1275 saeratissimo
998 1215 1138 1294 eorporis
1166 1212 1279 1273 Christi

358 1305 568 1375 sacramento,
596 1298 651 1359 sub
682 1299 807 1359 nomine
842 1306 873 1359 et
901 1298 1102 1377 inseriptione
1130 1296 1278 1359 Dootoris

356 1383 476 1443 Martini
519 1382 631 1442 Luther
674 1382 921 1462 Augustinieusis
975 1386 1083 1441 oontra
1119 1379 1280 1441 novissimi

358 1466 435 1527 seori
455 1464 671 1525 Lateranensis
694 1464 847 1545 generalis
877 1463 999 1524 aonoilii
1028 1470 1142 1526 statute
1163 1462 1280 1543 passim
1395 1473 1396 1476 ’

358 1569 414 1630 per
435 1548 589 1609 aivitetem
618 1552 649 1609 et
679 1546 837 1608 dioooesin
863 1553 985 1607 noemae
1012 1550 1133 1626 publice
1159 1544 1280 1609 venalis

359 1637 542 1712 exponatur,
563 1631 594 1690 in
618 1649 678 1709 quo
701 1630 780 1691 inter
793 1636 897 1691 oetere
920 1636 1158 1709 comperiuntur,
1179 1628 1280 1692 autori

358 1716 438 1776 illius
461 1714 619 1794 pulohrum
644 1712 874 1794 expedieusque
902 1713 1015 1790 videri,
1042 1717 1124 1797 quod
1148 1712 1281 1792 ecelesia
1312 1774 1317 1786 ,

358 1818 414 1877 per
434 1796 579 1878 generale
601 1797 765 1858 aouoilium
789 1803 953 1875 statueret,
987 1815 1095 1861 omnes
1122 1800 1281 1880 utriusque

358 1886 455 1942 status
484 1879 595 1941 christi
622 1878 730 1941 fideles
760 1880 816 1940 snb
844 1887 972 1959 utraque
1001 1886 1106 1963 speeie
1133 1884 1222 1964 panis
1250 1885 1282 1937 et

359 1964 424 2024 vini
447 1962 676 2043 oommunioari‚
698 1967 732 2023 ut
753 1969 976 2023 sacramentum
1001 1965 1147 2027 huonon
1168 1965 1280 2046 partia

359 2046 429 2107 liter
455 2064 509 2105 eeu
537 2064 593 2124 per
619 2050 740 2125 partes,
769 2043 823 2105 sed
852 2046 972 2126 integre
1000 2048 1111 2110 Christi
1138 2048 1281 2110 fidelibus

359 2130 597 2208 ministraretur:
621 2135 653 2189 et
674 2129 910 2208 quamplurima
927 2128 996 2210 alia,
1019 2152 1098 2212 quae
1113 2131 1281 2213 simplicio·
1399 2177 1400 2214 p

358 2212 440 2274 ribus
454 2210 484 2287 ¹)
520 2230 553 2272 se
582 2211 690 2271 unitati
719 2218 846 2273 sanotae
874 2210 1048 2277 aetholioae
1075 2215 1227 2276 eoolesiae
1249 2215 1282 2273 in

357 2294 613 2357 eommunioendo
643 2294 699 2355 sub
737 2314 798 2355 una
824 2298 1037 2359 tantummodo
1067 2300 1172 2380 speeie
1192 2298 1283 2377 panis

359 2377 620 2441 conformantibus
635 2375 793 2438 dubitandi
806 2380 963 2439 materiem
975 2384 1057 2443 eirea
1078 2381 1283 2443 euoharistiae

360 2466 582 2522 sacramentum
606 2460 749 2539 illiusque
770 2462 979 2541 sumptionem
1000 2466 1168 2545 praebere,
1195 2465 1284 2524 varia

360 2544 491 2624 denique
514 2541 661 2603 seandala
682 2550 713 2601 et
735 2543 902 2605 schismate
922 2545 952 2608 in
976 2548 1033 2609 Dei
1055 2548 1203 2623 ecelesia,
1226 2565 1285 2626 po·

359 2628 509 2687 tissimum
532 2624 669 2685 dioooesi
691 2631 815 2706 nostra⁷
850 2646 930 2706 quae
959 2633 1046 2697 terris
1077 2631 1159 2692 illius
1188 2629 1283 2690 sohis-

359 2708 448 2770 matis
476 2713 508 2769 et
536 2706 672 2768 damnati
699 2711 812 2771 erroris
846 2711 947 2775 viaina
964 2715 1110 2799 exsistit,
1143 2715 1283 2775 exaitare

381 2797 495 2854 ossent.

358 2812 379 2874 p
442 2874 507 2935 Nos
529 2872 645 2934 eisdem
675 2874 830 2935 scandalis
864 2883 896 2935 et
930 2878 1073 2959 perieulis
1100 2879 1284 2958 praevenire

360 2958 516 3034 volentes,
543 2961 577 3018 ut
608 2961 764 3035 tenemur,
804 2962 988 3023 venerabilis
1017 2961 1150 3043 Capituli
1184 2962 1283 3022 nostri

360 3039 540 3121 praehabito
570 3040 700 3101 oonsilio
723 3047 754 3101 et
775 3061 914 3120 assensu,
936 3045 1079 3107 omnibus
1101 3052 1133 3105 et
1154 3044 1283 3125 singulis

361 3125 493 3185 dominis
524 3121 713 3203 Abbatibus,
748 3124 952 3206 Praepositis,
988 3128 1139 3205 Deoeuis,
1177 3127 1283 3189 Arohi·

361 3207 509 3282 diaconis,
531 3204 694 3283 Pn'oribus3
719 3205 914 3289 Guardienis,
929 3211 1104 3288 canonicis,
1127 3210 1284 3289 Plebanis,

362 3288 446 3349 verbi
467 3289 525 3348 Dei
547 3286 822 3371 praedicatoribus,
846 3292 1012 3374 Altaristis,
1033 3294 1226 3366 Lecturistis,
1246 3311 1285 3355 ao

362 3371 595 3453 quibuscunque
605 3370 806 3451 Presbyteris‚
829 3374 964 3456 Cleriois,
987 3385 1018 3437 et
1031 3377 1197 3457 Religioeie
1220 3396 1284 3439 non

362 3454 525 3534 exemptis,
547 3455 763 3534 neutriusque
785 3475 878 3518 sexus
901 3468 932 3521 et
956 3468 1052 3521 status
1076 3460 1188 3521 Christi
1210 3458 1284 3519 fide·

361 3538 456 3608 libus,
479 3538 510 3596 in
531 3536 643 3595 virtute
666 3544 805 3599 sanetae„
823 3541 1019 3605 obedientiae
1041 3548 1072 3604 et
1094 3542 1150 3604 sub
1173 3544 1285 3623 poenis

362 3641 381 3681 a
409 3624 474 3682 iure
508 3619 628 3679 statutis
669 3619 803 3682 districte
836 3626 1054 3707 praecipiendo
1084 3626 1285 3688 mandamus:

363 3723 418 3766 vos
452 3721 526 3764 vero
556 3710 718 3782 exemptos
744 3705 775 3765 in
809 3706 882 3769 fidei
912 3710 1084 3771 oetholioae
1115 3712 1232 3771 unitate
1256 3716 1288 3771 et

364 3788 539 3848 sinceritate
561 3786 699 3847 viventes
722 3806 777 3867 per
799 3792 916 3853 viseera
938 3792 1064 3854 Domini
1097 3795 1202 3855 nostri·
1216 3793 1286 3853 lesu

359 3910 786 3926 ...runnu—*m

434 3968 572 4036 1)1n.eo.
591 3968 650 4022 Jen.
676 3970 791 4043 iegitur:
820 3981 846 4027 et
872 3989 1046 4044 quaequam
1073 3974 1202 4042 plurimis
1222 3977 1287 4030 sim·

363 4042 532 4113 plinioribus.
