3159 4792
377 530 440 597 160
724 527 881 587 confitendi
901 533 970 585 ratio

379 714 518 775 ardorem
559 713 692 777 libidinis
727 724 888 794 mutuum,
922 736 978 777 seu
1010 715 1229 777 inclinationes
1264 712 1306 778 ad

379 818 486 858 sexum
518 798 647 859 alterum
687 800 911 878 quantumlibet
940 799 1081 859 foedum:
1115 798 1215 876 addo,
1247 819 1308 858 nec
1342 851 1353 858 .

378 883 539 962 passiones
574 883 697 960 talium,
741 891 812 942 suut
834 885 915 943 enim
938 883 997 943 hae
1019 884 1227 962 cogitationes
1249 883 1307 941 ire·
1397 877 1398 882 ’

378 966 519 1043 quentius
541 966 703 1042 passiones
726 985 744 1024 a
767 985 875 1041 carne,
899 964 1030 1043 mundo,
1064 965 1231 1025 diabolove
1253 984 1308 1024 ex-

379 1049 503 1123 citatae,
537 1065 612 1125 quas
644 1050 747 1108 arrima
768 1050 846 1109 terre
877 1050 997 1129 cogitur
1019 1051 1114 1107 iuvita
1139 1046 1307 1125 aliquando

378 1150 434 1211 per
456 1130 580 1191 multam
604 1150 739 1208 moram,
778 1134 841 1191 imo
870 1133 1055 1212 quandoque
1083 1138 1149 1191 tota
1179 1130 1230 1189 die
1256 1130 1310 1190 vel

380 1213 591 1292 hebdomada,
620 1216 698 1274 sicut
720 1215 831 1273 Paulus
853 1213 1061 1296 apostolus*)
1085 1214 1249 1274 confitetur
1270 1214 1310 1273 da

379 1315 435 1355 suo
458 1297 592 1357 stimulo.

463 1379 552 1438 Ratio
577 1380 683 1440 horum
707 1389 770 1457 est,
804 1382 875 1459 quia
904 1381 1095 1459 propositum
1118 1398 1210 1459 super
1245 1378 1308 1438 illis

380 1461 511 1521 vitandis
534 1469 581 1521 est
602 1464 793 1543 impossibile
815 1471 846 1522 et
860 1481 971 1522 vanum
993 1470 1023 1522 et
1041 1462 1184 1536 mendax,
1208 1469 1240 1520 et
1262 1462 1308 1519 in·
1393 1484 1397 1490 ’

381 1544 562 1604 clinationes
586 1554 616 1605 et
646 1544 827 1606 affectiones
860 1553 983 1605 mutuae
1005 1564 1133 1621 sexuum
1156 1563 1219 1604 nou
1242 1562 1310 1603 ces·
1398 1609 1399 1612 Ἴ

381 1636 459 1707 sant,
482 1626 553 1687 data
565 1630 739 1689 occasione.
785 1629 904 1689 Deinde
926 1629 1067 1689 diabolus
1090 1628 1312 1705 conquiescit,
1398 1635 1399 1672 ἒ

381 1720 412 1771 et
433 1720 540 1771 natura
562 1719 667 1771 nostra
697 1721 762 1772 tota
791 1719 841 1771 est
868 1721 1038 1791 peecatum.
1082 1711 1143 1771 Sed
1166 1710 1226 1784 illi,
1258 1712 1310 1788 qui

381 1795 448 1853 siue
461 1803 589 1873 peccato
604 1794 711 1855 volunt
725 1815 804 1865 esse,
828 1796 1024 1855 ethomiuem
1042 1813 1152 1854 sanum
1169 1792 1310 1869 credunt,
1398 1795 1399 1848 l

380 1876 410 1935 hi
435 1877 522 1936 uobis
545 1878 599 1935 has
622 1895 728 1935 cruces
751 1886 896 1953 statuunt,
920 1886 1035 1936 utnon
1059 1896 1216 1936 cessemus
1243 1881 1309 1948 (sa-
1398 1895 1399 1924 1

382 1959 499 2019 cerdoti
527 1961 637 2034 etiam)
669 1959 826 2037 confiteri,
860 1979 1060 2039 quaecunque
1101 1959 1150 2018 vel
1185 1958 1310 2018 modico

381 2061 438 2103 nos
462 2042 585 2101 titillant
607 2049 721 2102 tautum
747 2042 850 2103 moda.
894 2044 996 2123 Igitur,
1019 2045 1044 2101 si
1068 2048 1192 2121 oportet
1214 2040 1310 2101 oculi-

381 2126 438 2185 teri
460 2126 585 2185 omuino
608 2123 685 2185 haec
707 2127 829 2186 occulta
851 2126 967 2201 cordis,
997 2134 1114 2185 tantum
1146 2144 1198 2198 ea,
1229 2143 1310 2203 quae

382 2208 466 2287 pleni
489 2215 559 2268 suut
581 2226 750 2268 cousensus
773 2211 803 2268 in
827 2229 921 2289 opus,
953 2207 1176 2284 confiteantur,
1206 2207 1312 2285 qualia

382 2292 481 2369 iniis,
504 2293 693 2372 quicupiuut
715 2294 765 2371 pie
781 2294 894 2368 vivere,
918 2292 967 2351 vel
989 2310 1057 2352 raro
1080 2291 1128 2351 vel
1151 2309 1308 2369 uunquam
1396 2304 1400 2322 ·

379 2377 581 2454 contingunt,
614 2376 731 2435 etiamsi
758 2375 882 2435 assidue
903 2374 1116 2435 affectionibus
1139 2380 1170 2433 et
1192 2374 1312 2453 passio·

382 2458 470 2517 nibus
495 2457 604 2517 talibus
628 2464 788 2519 vexentur.

770 2623 930 2683 Octavum.

467 2774 534 2834 Huc
555 2776 687 2853 pertinet
709 2776 927 2858 theologorum
951 2775 1140 2856 quorundam
1172 2776 1312 2836 audacis-

385 2861 530 2919 simorum
553 2878 666 2939 genus,
700 2864 762 2919 uati
785 2861 825 2920 ad
847 2860 875 2920 id
899 2862 1014 2940 ipsum,
1043 2866 1074 2918 ot
1095 2878 1168 2919 vero
1192 2858 1253 2919 Dei
1276 2861 1311 2918 ti-

383 2962 468 3002 more
483 2943 512 3001 iu
528 2942 670 3003 cordibus
689 2942 844 3004 homiuum
860 2946 1023 3016 exstincto,
1046 2942 1129 3001 salsis
1144 2942 1312 3001 terroribus

382 3034 479 3085 totum
512 3026 616 3086 orbem
647 3030 841 3104 concutiant,
880 3036 912 3085 ut
943 3026 981 3086 de
1010 3026 1070 3085 illis
1093 3024 1308 3102 Christusfl)

382 3107 497 3168 dixisse
519 3111 617 3187 possit
638 3107 750 3183 videri,
779 3122 911 3170 terrores
941 3110 980 3169 de
1009 3109 1098 3169 coelo
1122 3127 1312 3168 commemo-

382 3211 470 3269 rans3
492 3192 616 3267 bisunt,
640 3194 689 3269 qui
701 3196 840 3273 aggressi
855 3201 925 3252 sunt
941 3192 1029 3252 nobis
1043 3190 1217 3250 discernere
1240 3207 1312 3269 pec-

383 3281 484 3334 catum
508 3275 637 3334 mortale
660 3283 690 3334 et
712 3278 844 3355 veniale,
867 3277 995 3353 scilicet,
1018 3282 1060 3352 ut,
1084 3273 1135 3333 ubi
1156 3273 1314 3333 audierint

383 3357 524 3419 homines
548 3377 617 3417 esse
639 3358 764 3435 aliquod
787 3373 947 3439 peccatum
963 3357 1093 3431 veniale,
1116 3359 1214 3416 securi
1238 3359 1311 3432 sint,

382 3448 413 3501 et
434 3441 491 3501 Dei
514 3442 652 3501 timorem
679 3449 734 3517 (sc
761 3446 786 3501 si
819 3442 941 3502 veniale
970 3444 1036 3521 ipse
1065 3441 1150 3501 nihili
1174 3439 1309 3519 pendat)

382 3526 502 3603 penitus
530 3526 704 3602 remittant3
737 3546 876 3604 rursum,
905 3526 955 3585 ubi
985 3524 1116 3584 mortale
1147 3531 1311 3601 peccatum

383 3627 451 3668 esse
474 3606 626 3667 audierint
646 3627 830 3668 consensum
855 3609 976 3685 cordis,
1000 3616 1062 3667 tum
1085 3608 1200 3684 siquis
1224 3626 1311 3685 prae-

383 3699 474 3769 cepta
496 3691 645 3750 ecclesiae
668 3711 729 3750 nou
754 3692 900 3762 audierit,
924 3699 977 3750 aut
1001 3691 1107 3749 nescio
1130 3689 1203 3767 quid
1225 3688 1311 3748 aliud

381 3772 547 3835 leviculum
571 3771 738 3849 admiserit,
760 3776 820 3835 iam
844 3776 945 3835 nullus
969 3775 1008 3836 sit
1030 3774 1116 3833 locus
1133 3772 1256 3833 Christo
1280 3774 1312 3831 in

383 3856 476 3915 corde
502 3876 577 3937 prae
607 3857 787 3917 confusione
818 3860 937 3917 sonitus
972 3857 1063 3916 rueris
1097 3864 1128 3915 et
1162 3853 1311 3913 fluctuum

383 3940 571 3999 miserrimae
594 3939 813 4000 conscientiae.

456 4061 485 4125 *)
504 4060 522 4113 2
540 4058 602 4112 Cor.
623 4059 665 4113 12.
704 4060 752 4125 ⁸⁶)
775 4060 837 4111 Luc.
859 4059 902 4111 12.
