3159 4792
357 510 420 578 366
666 515 824 587 capaneo
843 516 877 573 n.
896 518 931 573 ιι.
950 518 978 573 ι.

398 700 447 763 66.
470 698 540 759 Non
553 698 677 763 libertas
698 702 764 762 eius
785 701 910 764 illorum
929 704 1109 784 captivitati,
1131 702 1186 765 sed
1210 722 1281 784 cap-

358 782 460 841 tivitas
481 782 602 844 illorum
620 783 709 844 huius
731 785 864 846 libertati
886 784 978 845 cedit.
1100 788 1102 793 '
1164 836 1167 844 .

400 866 450 931 66
472 864 523 927 866
544 865 626 927 velle
646 886 681 927 66
702 868 785 928 Dens
807 868 967 949 insigniter
983 867 1181 929 declaravit
1173 889 1205 929 rn
1229 888 1280 929 vo·

356 949 394 1008 tis
415 950 604 1091 paupertatis
627 958 658 1010 et
678 950 884 1013 obedientiae.

398 1034 447 1095 67.
494 1039 616 1093 anctum
639 1033 849 1095 Bernhardum
880 1034 962 1094 enim
993 1041 1025 1094 et
1056 1032 1135 1096 alios
1165 1035 1279 1095 multos

357 1132 420 1173 non
442 1114 542 1174 solum
559 1116 590 1174 in
613 1117 834 1194 praefecturam
857 1117 987 1177 aliorum
1010 1116 1160 1177 exaltavit
1174 1118 1217 1191 ¹).

399 1196 449 1261 68.
471 1196 534 1257 866
555 1204 587 1257 66
607 1198 773 1260 illustribus
796 1199 950 1261 miraculis
972 1201 1003 1260 in
1017 1199 1124 1261 eadem
1146 1198 1281 1263 illustra·

358 1279 402 1338 vit
423 1286 454 1339 et
475 1279 668 1360 glorificavit.

364 1363 448 1425 69.
470 1362 540 1423 Non
562 1365 663 1424 minus
691 1372 793 1426 antem
822 1365 904 1427 valet
931 1367 1121 1445 paupertatis
1153 1372 1185 1427 et
1206 1366 1280 1427 obe-

355 1416 498 1523 dientiae,
516 1465 607 1525 quam
630 1449 778 1507 castitatis
801 1456 916 1509 votnm.

398 1531 448 1593 70.
469 1526 511 1589 Et
531 1529 614 1609 quod
645 1528 684 1591 de
712 1549 775 1591 666
804 1550 911 1593 eorum
934 1530 998 1593 tisri
1030 1537 1063 1591 et
1083 1530 1143 1591 dici
1165 1538 1280 1611 potest,

356 1610 396 1671 de
418 1612 546 1692 singulis
567 1610 633 1673 fieri
655 1619 686 1673 66
705 1612 767 1673 6666
786 1613 888 1678 debet
1052 1635 1057 1643 ‘

398 1697 449 1757 71.
470 1694 667 1775 impossibile
679 1702 782 1760 autem
804 1704 861 1774 est,
875 1697 1097 1778 praefecturam
1121 1714 1191 1757 cum
1205 1714 1281 1775 pau

356 1781 476 1856 pertate
498 1786 529 1838 et
550 1777 726 1841 obedientia
746 1786 838 1841 stare.
1013 1828 1014 1831 ¹

399 1862 447 1925 72
471 1859 546 1921 Cum
581 1862 650 1922 talis
682 1869 715 1923 66
754 1862 916 1923 mandetur
944 1861 1055 1941 rebus,
1088 1867 1122 1923 et
1148 1826 1278 1922 aliorum

356 1942 535 2003 obedientia
555 1945 659 2023 potins
681 1944 828 2007 subdatur
849 1947 889 2008 ei.

399 2030 449 2090 73.
473 2024 575 2101 Quare
595 2025 792 2089 Bernhardus
824 2037 856 2089 66
888 2029 1062 2108 quicunque
1097 2027 1183 2087 fuere
1211 2025 1281 2085 aliis

358 2109 515 2189 praefecti,
538 2128 557 2169 6
577 2111 659 2171 votis
679 2110 741 2171 illis
763 2111 908 2184 divinitus
930 2119 1001 2172 sunt
1022 2109 1166 2171 absoluti.

398 2194 448 2255 74.
470 2191 512 2253 Et
533 2200 737 2256 monstratum
757 2195 933 2273 evidenter,
955 2213 1017 2255 666
1041 2194 1134 2255 fuisse
1156 2192 1209 2253 illa
1230 2210 1282 2253 66-

240 2344 249 2361 .
354 2294 419 2335 ram
442 2274 509 2336 Deo
532 2285 689 2356 perpetua.

398 2362 449 2425 76.
470 2358 537 2419 Nec
558 2368 619 2437 666,
643 2359 725 2440 6666
755 2360 807 2420 hic
828 2358 989 2437 versute2)
1022 2358 1203 2421 cavillentur
1230 2376 1282 2417 va-

358 2442 418 2501 rias
441 2449 640 2522 paupertates
663 2450 695 2503 et
716 2442 919 2507 obedientiae.
1295 2458 1297 2461 ’

399 2526 449 2587 76.
471 2524 609 2585 Eridane
632 2533 688 2605 666,
709 2535 816 2589 votum
840 2527 1031 2609 paupertatis
1052 2525 1209 2585 devovere
1228 2542 1282 2583 ex-

357 2611 477 2672 ternum
500 2627 588 2667 usum
610 2628 721 2671 rerum

398 2693 447 2753 77.
471 2688 664 2787 8666666166
704 2694 786 2754 6666
822 2697 1053 2773 paupertatem
1077 2689 1210 2754 universi
1247 2688 1307 2747 int

356 2770 509 2851 baptismo
532 2775 682 2836 vovimus.

396 2857 448 2920 78
469 2856 578 2936 Aeque
600 2858 727 2919 evidens
758 2864 823 2935 666,
861 2858 1049 2938 praefectum
1074 2855 1279 2915 monasticum

356 2945 516 2999 externum
539 2959 629 3002 usum
652 2960 753 3002 rerum
775 2940 899 3003 habere.
962 2992 965 3000 .

397 3024 446 3087 79.
469 3022 565 3098 Multo
598 3025 699 3085 minus
733 3023 944 3096 6666116666,
978 3021 1062 3101 quod
1089 3020 1279 3101 praefectum

356 3124 418 3166 non
441 3125 506 3184 666,
528 3105 583 3167 666
605 3108 782 3168 communia
804 3126 911 3169 curare
933 3108 1055 3167 6666666.

396 3188 446 3253 80.
471 3189 540 3250 Η66
560 3191 642 3251 6666
665 3190 763 3251 6616613
770 3201 781 3265 p
808 3188 908 3251 differt
929 3210 948 3251 a
969 3194 1077 3252 sauata
1102 3195 1134 3247 et
1155 3186 1278 3266 quibus·

355 3269 430 3330 libet
450 3271 537 3331 laicis
562 3276 756 3337 oeconomis.

394 3355 446 3418 86.
466 3353 604 3417 Eridane
629 3358 729 3419 ,66666
760 3355 862 3420 estid
884 3355 965 3433 voti,
989 3353 1173 3416 6616666166
1196 3354 1280 3415 vitae

355 3456 454 3515 genus
474 3444 617 3517 statuere,
634 3440 726 3519 quale
748 3445 797 3499 666
818 3437 1018 3513 6666666666.

396 3522 446 3585 8.).
469 3520 594 3601 Alioqui
620 3524 709 3583 salvo
739 3528 814 3585 voto
837 3520 942 3586 licebit
964 3538 1072 3581 omnes
1096 3536 1167 3579 6666
1189 3537 1280 3599 prae·

354 3603 452 3663 tectos
476 3604 637 3682 eiusmodi,
660 3604 762 3666 nullos
785 3604 952 3667 subiectos.
1061 3662 1063 3667 .

275 3745 278 3749 Δ
395 3688 446 3749 83.
469 3687 533 3749 Aut
555 3707 629 3767 ergo
649 3687 753 3749 Sancti
774 3707 920 3767 praeesse
943 3705 1005 3748 666
1028 3692 1205 3765 potuerunt,
1227 3690 1282 3745 aut

355 3775 460 3827 votum
483 3789 589 3830 eorum
612 3770 739 3831 liberum
762 3779 794 3831 66
815 3770 985 3851 temporale
1007 3768 1071 3830 fnit
1183 3840 1191 3845 ,

391 3965 420 4025 1)
440 3964 471 4016 ln
491 3966 533 4019 66
552 3966 637 4021 1668;
658 3965 784 4017 exaltnit.
832 3963 864 4031 2)
886 3962 917 4015 16
946 3962 988 4015 ed.
1017 3964 1088 4030 orig.
1110 3959 1195 4014 1621;
1221 3974 1282 4013 ver·

353 4038 448 4087 eutice
483 4038 516 4101 3)
537 4036 567 4089 ln
587 4036 648 4089 edd
670 4033 1157 4091 663661666166666666
