3159 4792
546 536 643 585 contra
661 526 775 585 missain
794 483 941 602 pataram.
1151 530 1215 600 413

355 703 388 779 4'.
410 716 470 777 Piis
503 717 596 777 etiam
630 716 813 798 responderi
848 725 967 799 potest,
1008 718 1115 781 Fidem
1154 721 1213 793 hio,

291 799 415 859 etiamsi
437 819 493 880 pro
515 800 569 860 illa
589 800 776 861 iustificante
796 799 859 862 ade
882 804 1088 882 acciperetur,
1110 812 1214 863 tamen

291 884 453 944 oaritatam
477 902 514 943 ea
536 886 694 961 maiorem,
717 891 750 945 at
771 886 838 945 sine
858 884 918 945 hao
933 885 1018 945 iilam
1038 886 1112 946 nihii
1135 906 1214 948 esse.

549 967 641 1027 Anno
664 966 703 1028 M.
727 966 764 1031 D.
788 967 960 1045 XXXV1).

595 1102 741 1165 Contra
761 1103 916 1167 Missam

396 1220 547 1299 privatam
570 1222 745 1301 Disputatio
768 1224 805 1284 D.
827 1221 950 1282 Martini
973 1221 1105 1283 Lutheri.

546 1304 639 1365 Anno
662 1303 702 1369 Μ.
726 1304 763 1365 D.
786 1304 900 1366 XXXV
912 1304 961 1387 *).
1058 1338 1060 1346 ν

578 1440 754 1503 Barbara
775 1442 932 1521 primas.

378 1556 486 1617 Omnis
495 1558 641 1637 cogitatio
650 1557 785 1617 humana
797 1557 933 1617 derebus
943 1558 1054 1619 divinis
1063 1565 1110 1618 ast
1119 1578 1211 1618 error.

341 1658 343 1663 ·
379 1638 486 1699 Omnis
509 1640 601 1700 missa
627 1642 748 1721 privata
764 1646 812 1701 ast
834 1640 995 1722 eiusmodi,
1018 1660 1092 1721 ergo

380 1721 487 1783 Omnis
512 1725 606 1783 missa
628 1726 747 1803 privata
768 1731 816 1785 est
838 1744 932 1786 error.

553 1859 729 1920 Barbara
750 1859 960 1921 secandus.

379 1974 486 2035 Omnis
511 1976 654 2037 voluutas
677 1976 813 2039 humana
845 1978 876 2038 in
909 1977 1000 2040 rebus
1027 1976 1138 2037 divinis
1170 1986 1216 2036 est

295 2059 450 2139 impietas.

379 2140 486 2201 Omnis
508 2143 602 2202 missa
623 2144 742 2223 privata
766 2150 814 2203 ast
835 2142 996 2222 eiusmodi,
1019 2162 1093 2224 ergo

378 2223 486 2285 Omnis
509 2227 603 2285 missa
625 2226 743 2306 privata
766 2233 814 2287 est
835 2228 986 2307 impietas.

580 2360 754 2423 Barbara
776 2362 929 2423 tertius.
959 2410 962 2412 Α

383 2477 491 2538 Omnis
522 2479 629 2539 oaltus'
654 2477 806 2539 humanus
838 2480 871 2540 in
904 2479 996 2542 rebus
1027 2480 1138 2541 divinis
1171 2489 1218 2541 ast

294 2560 490 2623 idololatria.
542 2566 545 2569 ’

288 2694 296 2712 ,
382 2644 488 2704 Omnis
512 2646 604 2705 missa
626 2646 746 2725 privata
762 2648 810 2707 est
831 2646 994 2726 eiusmodi,
1015 2666 1090 2727 argo

316 2768 317 2771 κ
387 2726 494 2788 Omnis
516 2730 611 2788 missa
631 2730 751 2809 privata
773 2736 822 2791 ast
841 2726 1029 2792 idol'olatria.

510 2864 720 2925 Problema
750 2864 1008 2946 disputabile.

385 2980 418 3041 ln
443 2982 535 3042 missa
556 2982 676 3062 privata
690 2982 811 3043 videtur
822 3001 884 3042 non
900 3001 969 3042 ease
983 2987 1219 3042 sacramentum.

384 3062 424 3125 Bt
449 3064 628 3126 adoratores
652 3067 717 3125 eius
740 3084 810 3126 esse
831 3084 922 3126 varos
944 3064 1134 3126 idololatras.

645 3232 672 3291 D
683 3232 691 3291 i
702 3238 817 3312 sputa
827 3232 881 3292 tio

572 3314 663 3376 Doot.
685 3314 807 3375 Martini
827 3314 950 3376 Luthari

633 3434 688 3495 Da
711 3434 888 3497 Homine.

540 3516 632 3577 Anno
655 3516 696 3578 M.
717 3515 985 3606 D.‘XXXVI**).
1031 3517 1033 3522 ’

392 3637 418 3695 1.
443 3632 663 3713 Philosophia,
686 3635 839 3715 sapientia
860 3632 1010 3712 humana,
1032 3629 1147 3705 definit,
1169 3630 1223 3689 bo·

374 3780 407 3849 1)
424 3785 518 3833 Annus
527 3798 580 3833 non
591 3781 730 3834 indicatur
740 3783 769 3833 in
780 3781 823 3833 od.
836 3780 912 3845 1558,
920 3782 1052 3847 repetitur
1063 3794 1098 3830 ex
1108 3776 1222 3831 ed..1sn.

374 3856 406 3917 ἰ
428 3852 532 3905 Tartar
552 3855 684 3921 repetitus
705 3850 1077 3916 estexsd.1538,couata
1102 3849 1223 3902 editione

300 3926 373 3981 1558
393 3924 510 3989 (Walch.
531 3924 594 3977 XIX
619 3941 646 3993 p.
660 3924 711 3981 100
730 3930 757 3977 at
776 3923 872 3987 1584).
910 3921 960 3990 **)
981 3922 1053 3974 Haeo
1071 3921 1223 3989 disputatio

299 4013 357 4051 non
377 3998 517 4049 invenitur
536 4000 564 4049 in
584 3996 625 4047 ed.
655 3996 736 4063 15383
771 4000 864 4048 textus
889 3995 1021 4063 repetitus
1045 4000 1088 4046 est
1117 4011 1152 4045 ex
1179 3993 1221 4044 ed.

302 4069 375 4124 1558
396 4070 573 4136 (germanias
593 4068 748 4123 Waloh.'1'.
768 4066 830 4122 xlx
849 4080 877 4133 p.
898 4067 948 4122 ¹09
966 4070 995 4118 at
1014 4065 1107 4126 1773.)
