3159 4792
335 531 339 536 .
368 450 379 506 i

492 511 527 565 ed
545 510 815 570 commestionem
836 513 1027 570 doctrinalem.
1137 511 1199 582 193

278 691 393 776 pubiiei
425 694 564 759 veritetis
586 697 699 759 velex
720 699 998 781 profestobostis,
1029 703 1199 768 sententies

279 776 506 858 quantumlibet
542 781 665 844 Christo
699 781 905 865 adversaries,
941 801 1096 866 nunqnam
1135 805 1199 848 non

203 925 207 931 ,
278 861 507 925 officiosissimo
524 865 798 948 interpretamento
813 867 987 947 honestent,
1010 870 1102 930 etiem
1116 869 1199 930 Chris

277 952 357 1025 stom
381 954 455 1008 ento
475 947 617 1010 nudaturi
637 949 677 1010 sd
703 950 922 1031 ignominiam,
955 958 988 1012 et
1008 954 1111 1014 omnio
1133 954 1199 1014 eins

276 1029 403 1108 niteris,
434 1049 527 1111 qoem
549 1032 629 1094 hune
649 1033 797 1114 gentilem
815 1035 994 1096 onimemm
1024 1035 1201 1098 eerniiieem

170 1156 172 1177 r
278 1112 559 1194 emptionemque
591 1117 657 1178 sius
691 1127 753 1178 non
785 1119 908 1197 penitus
933 1119 1145 1202 impnrpurent
1167 1126 1200 1180 et

193 1270 198 1278 ι
277 1198 430 1259 ineurent.
472 1195 513 1258 Et
534 1215 585 1262 me
605 1198 811 1261 Christionum
834 1202 978 1280 tratrem,
1011 1222 1068 1283 per
1087 1203 1200 1283 impin
1270 1227 1273 1235 ’

278 1281 415 1342 dentiam
437 1299 538 1342 meom
561 1289 593 1342 et
613 1283 827 1346 alienemvim
849 1286 880 1344 in
900 1284 1056 1363 pubiicum
1068 1293 1200 1347 trsotnm

278 1366 324 1426 sio
345 1369 491 1442 metent,
521 1371 634 1427 utnon
655 1366 750 1429 modo
770 1384 835 1428 non
857 1369 1006 1447 vestient,
1027 1369 1124 1431 sionbi
1146 1389 1205 1430 nu·.

278 1448 344 1517 dns.
357 1467 447 1528 sum‚.
458 1447 514 1509 sed
534 1445 567 1510 id
578 1451 682 1530 potins
693 1457 797 1532 egent,
819 1449 871 1512 ubi
888 1452 1004 1531 optime
1028 1471 1094 1512 snm
1105 1455 1198 1514 etiem

278 1540 415 1597 ermetns
438 1539 471 1592 et
491 1533 634 1616 munitus,
657 1533 823 1609 denudent,
845 1541 876 1595 et
898 1533 1114 1615 turpitudinem
1138 1555 1200 1597 me·

278 1615 490 1679 omrevelent
508 1615 784 1681 doetrinelitetibns
804 1617 1106 1680 soissnbtiiiseimis.
1140 1655 1143 1662 .
1175 1661 1177 1670 .

360 1698 449 1760 Hoee
468 1698 511 1760 de'
528 1693 671 1780 ooritfotef
686 1703 749 1764 iem
764 1703 838 1765 iuris
860 1700 1037 1779 metuisset,
1057 1709 1093 1764 nt
1114 1703 1200 1764 tort·

191 1795 194 1800 '
244 1843 250 1849 .
278 1783 392 1846 Christi
412 1786 846 1865 preeoeptumprioefrntrem
863 1791 1054 1865 peooentem,
1077 1785 1199 1860 etiamsi

277 1867 479 1949 pertinooism
500 1867 703 1948 indionsoem,
735 1888 806 1930 oum
834 1869 896 1930 sint
916 1867 1080 1932 duodeeim
1094 1867 1201 1950 ¹horne

278 1949 350 2028 diei,
370 1952 565 2015 monuissent
584 1953 712 2032 privetis
729 1952 838 2028 literis,
861 1952 940 2028 siout
961 1952 1133 2014 Renohlino
1156 1951 1199 2013 io-

278 2041 453 2112 oerortsnt
473 2052 523 2095 me
543 2035 643 2116 ipsum
665 2036 715 2096 vel
727 2036 919 2116 explicarem
927 2036 979 2098 vel
990 2035 1200 2115 emendarem,-

278 2118 331 2178 vel
351 2118 554 2199 pertinentem
575 2137 739 2199 ponerem,
761 2121 831 2180 troo
852 2120 919 2180 eine
941 2119 1036 2182 dubio
1057 2129 1089 2182 et
1109 2138 1130 2180 o
1147 2139 1198 2184 me

277 2196 346 2262 sibi'
360 2200 426 2261 fleri
447 2201 627 2264 volnissent.
649 2200 708 2264 Ubi
719 2203 745 2263 si
757 2221 820 2264 non
835 2201 999 2282 audissem,
1021 2209 1085 2264 tom
1107 2221 1198 2263 even-

276 2281 385 2366 gelioie
407 2284 562 2347 mendatis
579 2272 828 2370 obtemperantes
856 2285 1019 2366 fecissent,
1048 2305 1197 2365 quaese

278 2375 477 2448 ornaturae
496 2387 588 2448 nuno,
609 2388 714 2449 neque
725 2370 824 2432 Deum
846 2387 947 2450 neque
968 2369 1123 2431 hominem
1146 2387 1198 2443 ve,

276 2453 338 2530 r'm',
360 2451 477 2513 sudent
491 2471 560 2514 sese
579 2453 694 2515 ioetere
715 2454 782 2516 nelo
796 2451 868 2514 fidei
887 2454 919 2514 in
935 2471 984 2514 me
1006 2453 1087 2531 ferri,
1110 2455 1198 2533 quest

277 2535 428 2616 possibile
445 2537 495 2596 eit
515 2535 609 2615 credi,
631 2538 770 2618 spiritum
793 2545 932 2598 sonetum
954 2538 1020 2598 suis
1040 2542 1199 2618 contemp—

266 2619 397 2680 toribus
418 2618 544 2698 edesse,
576 2638 667 2699 quem
697 2621 802 2702 potins
831 2620 996 2684 formidnre
1018 2619 1199 2698 debuerunt,

277 2723 317 2764 ne
338 2703 441 2764 zelum
461 2705 553 2764 istum
572 2703 804 2766 inobedientiae
823 2713 855 2766 et
865 2706 986 2786 peeesti
998 2704 1060 2766 sibi
1077 2723 1097 2765 e
1116 2703 1198 2766 bino«

276 2787 497 2868 phementibue
518 2787 611 2849 tribui
631 2788 757 2850 tandem
778 2809 842 2850 non
865 2793 1031 2869 peteretur.
1073 2833 1075 2840 .
1197 2833 1200 2842 .

359 2871 472 2931 Mirum
491 2889 565 2933 vero
589 2889 627 2933 oo
648 2891 762 2934 novum
778 2872 995 2952 theologorum
1018 2890 1116 2951 genus
1137 2889 1198 2932 nos

276 2974 398 3034 sumne,
433 2956 487 3034 qni
507 2973 560 3034 en,
593 2973 673 3036 quoe
693 2956 752 3016 Dei
774 2963 859 3032 sunt,
896 2973 1003 3014 curere
1034 2973 1097 3015 non
1124 2960 1201 3016 ente

276 3038 520 3120 praesumimus,
552 3057 643 3118 quom
664 3039 783 3101 irritato
806 3037 874 3098 Deo
904 3037 937 3097 in
959 3035 1100 3098 omnibns
1133 3038 1196 3096 suis

276 3123 467 3203 praeceptis,
501 3141 557 3204 pro
591 3121 700 3204 quibus
723 3129 825 3184 temen
849 3121 963 3181 meritis
979 3159 982 3166 ⁴
996 3121 1100 3181 neseio
1121 3122 1199 3200 quot

277 3206 368 3268 nobis
388 3205 531 3266 noneolas
554 3203 586 3268 in
609 3207 699 3268 eoelo
722 3206 780 3286 ipoi
795 3204 1009 3286 promittimus,
1032 3210 1064 3264 et
1084 3221 1197 3284 magne

276 3288 375 3351 bneee
397 3289 497 3350 zelum
518 3289 590 3351 fidei
612 3289 693 3372 opud
715 3291 858 3351 homines
880 3288 1038 3351 tentemus.
1071 3287 1196 3348 Missam

277 3372 495 3451 seoriiiooturi,
530 3380 583 3436 out
609 3371 725 3453 aliquid
754 3373 862 3434 leotun'
895 3370 1031 3432 eotnrive
1066 3379 1198 3452 peooete

232 3462 236 3470 '
277 3455 461 3519 eonfitemur
489 3463 522 3518 et
542 3458 644 3519 Deum
668 3457 842 3538 ploremus,
874 3453 1115 3516 ventorumne
1145 3452 1196 3514 de·

275 3541 408 3619 tenenti,
430 3540 483 3601 ubi
505 3543 639 3602 maxime
668 3559 747 3621 opus
769 3546 818 3602 est
838 3537 905 3599 De'o
929 3537 1052 3618 pisneio
1075 3543 1111 3598 st
1127 3555 1198 3617 pro·

275 3626 364 3706 pitio,
386 3625 485 3686 Deum
508 3625 671 3703 irritemus,
692 3625 755 3685 imo
776 3622 947 3684 irridemus.

362 3707 467 3782 Quare
488 3707 564 3768 nihii
586 3710 711 3786 mirum,
743 3709 769 3767 si
790 3704 928 3788 Magistri
950 3705 1013 3764 'ists'
1036 3701 1196 3764 miserrimi

276 3793 323 3854 sie
343 3811 394 3854 me
413 3790 580 3854 videantur
595 3793 678 3853 velle
695 3809 813 3868 oerore,
835 3785 951 3864 utillo,
974 3787 1028 3866 qni
1048 3805 1118 3847 eum
1136 3785 1197 3846 ire

277 3883 355 3938 trem
377 3895 395 3936 e
417 3873 492 3936 iimo
515 3875 664 3953 traheret,
686 3873 777 3935 eitius
799 3871 948 3936 immersit
969 3877 1001 3931 et
1022 3868 1194 3934 suffoeevit.

275 3960 345 4022 Hoo
365 3979 453 4021 more
474 3966 581 4022 nostre
612 3958 717 4021 seeulo
743 3957 837 4040 digne
858 3959 944 4034 sunt,
982 3961 1015 4014 ut
1035 3954 1122 4014 iuxto
1143 3951 1196 4013 tti-
1233 3995 1238 4004 .

276 4043 386 4106 oheem
414 4043 509 4104 freter
528 4043 652 4105 trotrem
673 4041 714 4102 ed
735 4047 865 4103 mortem
886 4042 1032 4118 vetetur,
1054 4042 1086 4096 et
1107 4035 1195 4097 obse·
1225 4102 1229 4115 Ι

303 4152 395 4194 unm
412 4149 888 4203 opp.v.n.noreeror.r.p.v01.1v.
1053 4121 1091 4186 13
