3159 4792
561 538 656 595 libror.
675 540 709 595 D.
728 540 763 595 ll.
782 542 904 599 Lutheri.
1132 542 1191 608 181

273 725 312 787 ad
332 724 543 806 impossibile,
576 732 607 788 et
640 728 722 807 qnod
744 728 849 790 divino
872 739 1038 813 praeoepto
1060 739 1221 797 tenemur·

276 809 314 869 ad
337 828 402 869 non
425 808 602 895 habendum
622 810 760 873 fomitem
783 815 918 895 peeoati,
941 834 1031 893 quern
1054 817 1126 896 quia
1147 817 1199 891 ha

275 893 395 971 bemus,
419 897 449 951 et
470 892 501 952 in
522 893 583 954 hae
604 895 667 955 vita
678 914 782 956 earere
802 916 867 958 non
884 916 1058 978 possumus,
1079 920 1201 981 semper

273 994 450 1056 peccamus.
500 1026 504 1031 ,

357 1057 444 1135 Item,
466 1057 550 1137 quod
572 1078 679 1120 omnes
702 1059 755 1122 filii
777 1060 866 1122 Adae
887 1068 959 1123 sunt
978 1062 1138 1127 idolatrae.

359 1138 399 1199 Et
418 1140 510 1202 infra:
529 1140 561 1203 si
583 1143 645 1203 hoo
666 1152 865 1224 praeceptum
887 1165 1094 1223 servaremus,
1116 1148 1202 1208 nulla

276 1230 361 1284 esset
382 1222 539 1303 superbia,
561 1224 592 1285 id
616 1233 680 1304 est,
715 1226 801 1287 nulla
823 1227 911 1289 radix
932 1231 1063 1309 peceati,
1084 1230 1201 1291 nullum

276 1306 396 1367 initium
426 1309 560 1387 peooeti,
594 1328 631 1369 ae
663 1329 718 1391 per
745 1309 807 1370 hoo
833 1310 918 1372 nulla
938 1320 1067 1392 peecata
1088 1320 1202 1393 essent,

274 1388 330 1450 sed
346 1408 418 1469 pax,
440 1409 528 1452 arnor
550 1396 607 1455 eto.

361 1471 504 1534 Addeus:
526 1472 618 1550 Quod
636 1494 699 1536 non
721 1477 751 1535 in
775 1476 834 1536 hae
855 1477 918 1537 vita
939 1478 1123 1559 sperandum
1146 1484 1203 1558 est,

276 1556 493 1636 ideosemper
530 1576 710 1619 maneamus
738 1566 920 1639 peccatores
954 1569 986 1621 et
1006 1562 1095 1623 huius
1114 1580 1202 1640 prae-

277 1640 361 1719 oepti
382 1645 635 1720 transgressores,
659 1642 728 1704 solo
750 1642 813 1703 hoe
833 1641 985 1703 saerifiaio
1007 1643 1095 1722 salvi,
1117 1643 1200 1722 quod

275 1722 358 1783 hana
370 1724 647 1802 transgressionem
660 1744 724 1786 non
739 1726 918 1805 ignoramus
931 1745 1032 1805 neque
1042 1745 1202 1807 negamus.

360 1822 438 1883 Item
459 1822 550 1884 dieit:
578 1823 670 1901 Quod
691 1826 819 1886 virtutes
841 1826 975 1887 morales
1004 1833 1036 1887 et
1056 1827 1204 1888 scientiae

278 1904 489 1986 speculativae
512 1913 734 1988 suntpeoeata,
756 1914 787 1969 et
809 1928 927 1969 errores
938 1911 969 1970 in
980 1908 1204 1991 peecatoribus,

279 1990 351 2068 quia
378 1987 456 2049 liunt
482 1992 660 2053 necessario
690 2009 730 2051 ex
758 1991 852 2054 eorde
873 1992 973 2073 malo,
1013 2000 1045 2054 et
1065 1992 1203 2054 noudum

277 2079 387 2133 sanato
410 2091 466 2152 per
486 2074 627 2154 gratiam.

362 2154 403 2216 Et
424 2157 518 2217 multa
540 2155 603 2219 alia
624 2158 739 2237 passim
761 2158 884 2236 inserit,
914 2177 1013 2238 aeque
1034 2158 1085 2219 vel
1106 2160 1205 2239 magis

277 2236 411 2299 absurda
434 2244 465 2300 et
488 2258 626 2301 erronea.

360 2321 438 2382 Item
465 2323 566 2383 varias
598 2324 830 2404 propositiones
854 2328 1014 2403 suspectae
1036 2333 1067 2385 et
1088 2325 1206 2403 perieu-

279 2404 365 2465 losas
387 2404 503 2466 indueit
526 2404 564 2466 de
586 2408 775 2487 purgatorio,
799 2412 832 2467 ut
845 2406 928 2486 qnod
943 2407 1064 2468 animae
1083 2408 1114 2467 in
1137 2426 1205 2485 pur·

279 2488 402 2568 guterio
424 2489 492 2549 aine
513 2489 741 2551 intermissione
758 2496 901 2569 peooant,
921 2491 953 2550 in
966 2509 1015 2571 eo,
1038 2490 1121 2570 quod
1135 2490 1222 2573 hor·¹

279 2579 348 2632 rent
370 2590 489 2649 poenas
511 2578 542 2632 et
563 2580 714 2653 quaerunt
733 2574 882 2653 requiem.

363 2670 405 2730 Et
425 2671 464 2731 ad
486 2691 558 2733 sues
579 2673 769 2734 assertiones
797 2693 943 2735 erroneas
978 2671 1206 2735 aonflrrnandas

280 2754 461 2851 autoritates
489 2773 595 2817 sacrae
617 2754 793 2835 Scripturae
814 2755 853 2817 ad
876 2776 1000 2819 sensum
1027 2776 1206 2841 perversum

280 2837 510 2981 tmhltSimiliter
521 2926 553 2981 et
573 2919 667 2985 verba
676 2920 846 2983 Doetorum
870 2928 932 2983 tam
955 2928 1092 2982 veterum
1115 2941 1208 3000 quam

281 3002 501 3065 modernorum
523 3003 691 3084 eorrumpit
712 3024 749 3067 aa
769 3005 926 3085 pervertit.

364 3103 496 3182 Propter
518 3121 597 3183 qnae
619 3122 790 3186 censemus,
815 3104 924 3165 librum
944 3104 1060 3182 ipsum,
1083 3120 1120 3162 aa
1142 3120 1207 3162 om-

281 3207 336 3247 nes
359 3194 392 3248 et
413 3186 550 3268 singulos
572 3193 719 3248 traatstus
741 3191 827 3260 eius,
865 3188 898 3246 in
920 3185 1029 3266 quibus
1051 3184 1129 3246 haee
1156 3184 1209 3246 vel

279 3270 391 3331 horum
414 3268 518 3351 eliqua
539 3271 744 3350 eontinentur,
766 3268 971 3331 damnandos.

365 3370 414 3430 Aa
435 3367 547 3430 deinde
560 3368 669 3431 librum
694 3376 725 3431 et
738 3377 886 3431 tractatus
899 3368 1110 3431 doctrinaliter
1124 3367 1208 3429 darn-

280 3471 391 3514 nemus
414 3459 559 3532 tanquam
569 3454 781 3515 communitati
795 3452 931 3514 fidelium
951 3454 1090 3528 noeivos,
1115 3470 1210 3512 verae

254 3580 256 3583 -
280 3541 311 3598 et
332 3554 431 3596 sanae
453 3535 612 3597 doetrinae
633 3536 791 3613 adversos,
816 3544 847 3597 et
867 3536 906 3596 de
928 3535 1030 3597 medio
1052 3532 1209 3596 tollendos

281 3636 446 3679 oensemus
466 3619 591 3699 ignique
612 3618 811 3696 cremandos,
834 3626 866 3680 et
886 3622 1026 3680 autorem
1046 3619 1148 3697 ipsum
1170 3615 1210 3676 ad

280 3702 514 3844 revqoationem
554 3708 586 3762 et
621 3701 845 3763 abiurationem
878 3701 1122 3781 supradictorum
1160 3718 1227 3789 eo.

282 3801 429 3865 genum.

366 3884 401 3946 ln
424 3903 554 3964 quorum
575 3886 814 3965 praemissorum
837 3885 974 3945 veritatis
997 3882 1208 3944 testimonium

284 3975 465 4046 praesentes
488 3967 592 4029 literas
615 3967 728 4029 exinde
749 3966 832 4046 lieri,
855 3974 887 4028 et
908 3987 965 4048 per
984 3965 1146 4029 Notarium
1168 3967 1211 4026 in-

284 4050 329 4112 ira
371 4051 519 4133 seriptum
562 4049 734 4134 subsignari
782 4050 1012 4131 mandavimus,
1053 4048 1211 4144 sigillique
