3159 4792
528 519 563 576 de
581 520 713 591 operibus
731 520 808 593 legis
821 528 850 577 ot
867 523 982 594 oratioe.
1149 518 1212 589 3OE

353 708 404 775 36.
426 709 492 771 Into
504 709 645 788 fetemus,
667 711 755 773 iustis
776 730 840 775 non
863 730 934 773 esse
955 712 1087 792 positum
1101 713 1212 794 legem,

291 800 446 874 quotenus
468 794 540 855 iusti
562 801 633 855 suut
655 802 685 855 et
707 795 815 875 spiritu
836 794 953 857 vivunt.

355 878 404 941 37.
427 874 489 937 Sed
509 883 660 957 quotenus
682 877 714 937 in'
737 894 834 939 earne·
853 886 932 956 sunt,
956 885 987 938 et
1009 896 1120 959 eorpus
1141 896 1210 958 peo-

291 961 353 1021 ooti
376 958 505 1035 hubent,
534 978 603 1021 esse
625 959 681 1022 sub
703 960 790 1041 lege,
822 967 854 1021 et
880 961 984 1023 fouere
1006 980 1101 1041 opere
1123 961 1210 1042 legis,

290 1042 324 1104 id
348 1048 404 1121 est,
426 1060 490 1104 non
513 1062 582 1105 esse
603 1044 714 1123 iustos,
735 1061 796 1104 neo
816 1044 919 1105 fucere
941 1044 1024 1105 bone
1046 1062 1150 1125 opere.

356 1127 405 1190 38.
428 1124 513 1187 sieut
527 1125 629 1188 disere
642 1145 816 1207 possemus,
838 1127 937 1189 iustos
951 1145 1020 1187 esse
1031 1126 1088 1187 sub
1101 1134 1210 1209 morte,

293 1227 350 1269 seu
374 1208 429 1289 sub
452 1226 555 1289 poeno
577 1209 665 1291 legis,
688 1216 720 1270 et
741 1209 798 1272 sub
819 1215 960 1290 peceato,
984 1210 1056 1291 quie
1079 1212 1211 1271 moriun-

293 1298 343 1352 tur
365 1310 483 1369 omnes,
506 1298 537 1353 et
559 1291 745 1354 eonfitentur
765 1310 836 1353 sese
858 1312 927 1354 esse
950 1300 1140 1372 peooutores.

357 1372 407 1441 39.
423 1374 556 1455 Oportet
577 1376 657 1437 enim
681 1394 794 1457 eorpus
816 1378 975 1457 oostigori,
1004 1384 1036 1437 et
1063 1378 1094 1439 in
1117 1376 1211 1436 servi·

295 1464 390 1517 tutem
414 1456 529 1539 redigi,
552 1467 584 1519 et
605 1477 727 1520 earnem
751 1477 821 1520 oum
843 1458 926 1520 vitiis
947 1460 1010 1519 suis
1035 1457 1211 1520 mortificari

296 1549 328 1601 et
349 1538 494 1621 oruoifigi.

360 1626 409 1689 to.
432 1623 493 1684 Sed
516 1644 553 1684 eo
576 1624 652 1706 legis
682 1643 796 1706 opera,
829 1627 1023 1706 reputatione
1046 1625 1119 1703 Dei,
1149 1644 1210 1686 nou

295 1704 446 1849 helbeutur
474 1726 529 1787 pro
560 1706 704 1788 operibus
736 1706 831 1789 legis,
867 1708 987 1770 etiamsi
1016 1715 1126 1769 nature
1151 1711 1212 1770 sint

296 1790 380 1851 tois.

358 1874 408 1935 41.
430 1871 515 1935 Siout
536 1874 685 1954 reliquum
707 1874 738 1933 in
761 1890 855 1935 earne
875 1878 1052 1955 peooatumt
1065 1877 1098 1935 et
1120 1894 1211 1950 mors,

296 1957 491 2035 reputatione
525 1956 597 2034 Dei‘,
632 1975 695 2017 non
730 1956 883 2018 habentur
916 1977 973 2038 pro
1011 1960 1148 2039 peoootis
1180 1966 1212 2019 et

297 2044 406 2115 morte,
429 2040 550 2099 etiamsi
571 2042 632 2101 sint
652 2047 761 2101 nature
781 2040 865 2103 tolio.

358 2122 408 2185 42.
429 2123 557 2203 Proprie
578 2140 652 2184 vero
675 2123 726 2189 lex
749 2130 780 2184 et
812 2141 909 2203 opero
931 2122 1009 2204 legis
1031 2122 1113 2205 opud
1136 2124 1211 2185 Peu-

296 2205 358 2265 lum
382 2214 462 2283 sunt,
485 2205 535 2266 ubi
556 2204 847 2267 voluntoshumeuo
863 2213 1016 2286 operatur,
1038 2210 1105 2267 sine
1123 2227 1212 2288 repu-
1249 2227 1256 2242 ¹

296 2289 414 2349 tatione
436 2289 503 2367 Dei,
527 2307 581 2349 seu
603 2295 691 2369 extro
709 2288 863 2349 Christum
884 2289 1130 2369 propitiatorium
1153 2310 1212 2350 uo-

296 2379 402 2432 strum.

359 2455 408 2519 43.
431 2452 573 2515 Libenter
589 2460 692 2515 eutem
710 2453 810 2535 legem
834 2458 866 2516 et
882 2473 978 2535 opero
994 2454 1081 2536 legis,
1105 2462 1136 2516 et
1149 2476 1211 2516 nou

296 2555 393 2619 opero
413 2537 546 2598 hominis
568 2556 623 2599 seu
636 2538 764 2599 rationis
787 2543 889 2620 vooot‚
910 2544 944 2599 ut
965 2539 1108 2600 ostendet
1132 2558 1213 2622 mog·

296 2620 465 2683 nitudinem
488 2623 609 2701 peoooti
631 2628 663 2683 et
683 2620 782 2683 morbi
804 2622 911 2683 nostri.

355 2705 406 2766 44.
426 2703 582 2783 Siquidem
605 2702 700 2766 homo
723 2721 786 2766 uon
809 2704 909 2766 solum
932 2705 1008 2766 nihil
1022 2712 1127 2786 potest
1149 2708 1212 2766 suis

294 2787 411 2849 viribus
434 2786 473 2847 ad
495 2788 641 2849 iustitium
664 2806 767 2849 uorum
789 2788 875 2866 Deo,
897 2786 953 2848 sed
975 2790 1067 2849 etiem
1091 2789 1211 2849 adiutus

295 2868 365 2951 iege
379 2870 522 2950 dooente,
543 2879 575 2931 et
588 2871 731 2952 operibus
743 2889 799 2951 per
811 2869 913 2951 legem
925 2871 1064 2948 extortis,
1078 2872 1214 2933 deterior

294 2952 434 3016 effioitur.

356 3038 407 3101 ts.
430 3036 565 3114 Summe,
589 3038 723 3098 omnium
742 3037 900 3099 hominum
920 3042 1017 3115 opero
1038 3042 1109 3096 suut
1131 3036 1211 3096 male

293 3129 325 3182 et
347 3121 474 3199 vitiosa,
502 3120 557 3181 sed
580 3122 727 3182 iustorum
751 3128 822 3182 sunt
843 3122 1006 3201 reputante
1028 3118 1095 3180 Deo
1119 3118 1211 3199 bono,

293 3206 459 3285 impiorum
482 3213 553 3265 sunt
574 3213 683 3266 notura
706 3204 799 3265 melo.
