3159 4792
371 1354 708 1489 Disputationee
737 1356 785 1449 D.
814 1352 1070 1485 illationi
1098 1356 1150 1451 de
1175 1380 1300 1489 prae
1408 1434 1409 1447 .

371 1499 413 1566 c1
442 1499 510 1566 ma
535 1472 813 1565 Ghmotlanae
840 1468 1064 1566 doctmnao
1094 1471 1299 1567 art1cuhs

403 1500 574 1681 denno
605 1586 706 1716 151q
731 1610 866 1707 neque
907 1586 963 1678 ad
992 1609 1159 1717 ‚aunum
1190 1586 1299 1681 1545

531 1703 784 1820 propomtac
812 1702 856 1796 et
887 1698 1146 1819 explrcatae.
1193 1784 1203 1795 ,

373 1612 401 1679 8.

470 2002 704 2112 Ilisputationes
718 2029 756 2090 ad
781 2045 937 2090 sacrorum
960 2030 1209 2093 reformationem
1234 2038 1297 2094 tam
1410 2106 1411 2109 Ἴ

372 2115 577 2198 incipiendam
600 2133 692 2195 quam
715 2113 959 2195 promovendam
982 2112 1144 2193 plurimum
1162 2115 1298 2177 valuisse

372 2198 452 2261 inter
474 2216 582 2260 omnes
605 2204 728 2259 constat
747 2195 803 2278 (of.
821 2194 895 2257 Ern.
916 2196 996 2257 Fn‘d.
1016 2196 1192 2261 Neubancri
1207 2200 1298 2261 Com·
1356 2231 1371 2243 ·

370 2289 483 2347 ment:
506 2282 546 2342 de
566 2280 785 2342 reformatione
808 2298 827 2339 a
850 2278 983 2339 Lnthero
1008 2280 1138 2361 aliisque
1160 2280 1298 2363 disputa·

369 2366 504 2428 tionibuc
526 2366 650 2445 incepta
671 2382 709 2423 ac
724 2368 896 2444 propagata
920 2370 978 2423 etc.
1021 2361 1107 2424 Halis
1133 2364 1222 2431 1730.
1244 2368 1297 2445 4).
1411 2404 1412 2437 t

369 2450 476 2529 ltaque
512 2446 751 2528 disputationum
787 2446 1017 2527 propositiones
1052 2456 1083 2507 et
1109 2447 1235 2508 Lutheri
1266 2456 1300 2510 et
1411 2456 1412 2505 ζ

369 2530 617 2597 Melanchthouis
640 2530 834 2609 aliorumque
844 2528 906 2589 iam
930 2530 1037 2609 paucis
1055 2540 1127 2609 post
1149 2530 1297 2593 reforma-

370 2616 485 2675 tionem
508 2614 662 2691 inceptam
698 2613 786 2672 annis
815 2619 886 2671 sunt
907 2611 1076 2691 collectae,
1108 2614 1191 2695 typis
1213 2616 1297 2674 evul-

368 2704 461 2777 gatae
490 2697 675 2777 saepiusque
702 2694 862 2777 repetitae.
905 2694 1054 2755 Lutherus
1084 2716 1158 2777 prae
1184 2700 1297 2759 ceteris

369 2779 545 2860 disputandi
567 2778 767 2859 peritissimus
795 2785 864 2838 ¹erat
891 2777 982 2838 etad
1006 2777 1230 2858 disputationes
1251 2782 1298 2841 in·

369 2861 540 2924 stituendas
553 2863 735 2942 saepissime
747 2862 885 2940 locisque
908 2860 1115 2922 celeberrimis
1138 2870 1299 2942 permotus

372 2953 421 3007 est
445 2945 502 3028 (cI.
525 2946 562 3008 G.
585 2944 720 3006 Waichii
744 2945 857 3005 introd.
878 2944 908 3003 in
928 2943 1107 3025 OppLuth.
1129 2944 1165 3007 T.
1188 2944 1300 3009 XVIII
1398 3000 1402 3007 .

367 3016 397 3111 p.
422 3033 461 3096 10
493 3048 560 3109 sqq.
588 3028 626 3091 D.
657 3028 766 3091 Christ.
797 3026 879 3091 Guil.
906 3026 1014 3089 Franc.
1042 3026 1177 3089 Walchii
1205 3028 1299 3091 Gom·

370 3111 551 3173 mentatIon.
585 3110 626 3172 de
646 3110 778 3172 Luthero
811 3110 1010 3191 disputatore.
1040 3110 1181 3193 ‘Gotting.
1205 3114 1299 3193 1754,

368 3198 398 3257 4.
419 3196 491 3256 Joh.
517 3194 618 3257 Barth.
647 3192 806 3274 mederer,
834 3193 1041 3254 Nachrichten
1067 3214 1119 3253 nur
1148 3194 1298 3257 Ilirchen·

365 3274 560 3341 'Getehnen-
582 3276 645 3338 und
675 3272 1019 3339 Becher-Geschichte.
1053 3276 1181 3339 Altdorf
1205 3276 1298 3344 1768.

365 3354 456 3424 Tum.
482 3360 522 3422 IV
541 3380 571 3442 p.
594 3363 636 3427 50
658 3359 745 3443 sqq.)

450 3444 573 3504 Lutheri
596 3450 697 3503 autern
714 3443 946 3524 propositiones
960 3461 1116 3521 nunquam
1139 3444 1169 3503 in
1192 3442 1296 3505 lucem

354 3528 520 3608 prodiisse
542 3526 684 3588 videntur
705 3527 763 3588 nisi
786 3544 854 3588 cum
878 3524 1008 3585 aliorum
1031 3526 1163 3588 virorum
1187 3526 1298 3589 docto·

246 3613 256 3621 ”
367 3632 433 3674 rum
455 3608 935 3691 propositionibus.coniunctae.
979 3609 1216 3671 vetustissimae
1245 3629 1297 3671 ea·

366 3715 434 3755 rum
456 3692 610 3754 editiones
641 3699 713 3753 sunt
735 3692 794 3767 (cs.
815 3691 963 3753 Riederer
984 3691 1003 3751 l.
1031 3691 1052 3751 l.
1075 3712 1105 3771 p.
1127 3696 1166 3757 53
1190 3700 1297 3773 sqq.):

429 3777 618 3856 ‘InsIgnium
641 3774 857 3857 theologorum
875 3774 999 3835 Domini
1020 3774 1146 3836 Martini
1159 3775 1297 3857 Lutheri,

407 3860 533 3920 Domini
554 3859 679 3919 Andree
693 3858 916 3935 Carolostadiip
932 3857 1062 3937 Philippi
1081 3857 1296 3921 Melanchtho·

409 3942 456 4001 nis
480 3947 512 4002 et
531 3942 661 4002 aliorum
677 3937 893 4002 conclusiones
908 3942 1002 4019 varie,
1024 3959 1080 4020 pro
1101 3940 1204 4002 diviua
1226 3962 1296 4023 gra·

411 4025 454 4083 tie
476 4023 656 4087 defensione
688 4043 727 4085 ac
748 4023 1035 4085 commendatione:
1064 4029 1172 4085 contra
1193 4026 1296 4087 scola·

525 4114 529 4142 ἱ
812 4130 815 4139 ·
1221 4118 1239 4155 .1
