3159 4792
1149 320 1238 323 .....
1241 318 1404 327 ------,

1119 505 1182 573 165

264 696 348 775 ipsos
370 695 552 769 illudamus,
586 702 618 757 et
639 696 824 757 sacramenti
844 694 995 757 beneficio
1018 697 1182 778 privemus,

263 799 300 839 eo
325 781 459 839 maxime
482 780 598 859 studio,
627 798 688 858 quo
712 780 845 839 maxime
867 798 1013 857 quaerere
1034 780 1181 842 videmur.

344 863 442 923 Huius
463 863 579 923 farinae
600 868 686 939 sunt,
721 864 772 941 qui
799 862 942 924 horarum
964 865 1182 926 canonicarum
1206 859 1209 868 '

262 945 439 1026 neglectum
468 965 566 1027 prope
601 945 808 1007 irremissibile
843 953 1002 1026 peccatum
1035 948 1182 1026 fecerunt,

261 1048 330 1088 cum
352 1030 475 1089 interim
502 1030 720 1091 fornicationes
755 1035 863 1089 contra
883 1030 941 1090 Dei
974 1038 1183 1111 praeceptum,

260 1122 313 1173 aut
336 1114 485 1173 ammissa
507 1113 606 1174 studia
628 1132 702 1193 erga
721 1113 894 1193 proximum
907 1113 998 1173 facile
1018 1116 1182 1176 remittant

344 1195 508 1274 Invenias,
532 1199 582 1276 qui
604 1196 634 1258 S.
655 1195 794 1257 Severini
817 1196 865 1256 vel
885 1198 1036 1256 somnium
1058 1198 1109 1258 vel
1131 1217 1182 1257 ex-

260 1279 396 1359 emplum
405 1299 443 1340 eo
458 1279 598 1359 probent,
612 1286 644 1339 ut
655 1280 787 1340 sehoras
800 1280 965 1340 canonicas
978 1299 1036 1341 nec
1045 1288 1182 1342 antever-

260 1372 325 1423 tere
339 1382 400 1423 nec
411 1369 483 1441 post
496 1364 650 1443 complere
663 1364 729 1423 sine
742 1368 871 1442 peccato
883 1362 1066 1423 arbitrentur
1078 1384 1183 1445 posse,

259 1447 383 1505 etiamsi
393 1447 557 1506 iustissima
571 1466 662 1507 causa
679 1446 808 1506 fuissent
826 1444 964 1526 legitimo
983 1465 1088 1507 eorum
1108 1455 1182 1508 tem-

261 1548 338 1609 pore
356 1527 507 1608 impediti,
533 1530 648 1591 scilicet
666 1528 828 1591 serviendo
846 1530 978 1609 proximi
994 1532 1182 1591 necessitati-

261 1612 328 1690 bus,
335 1612 368 1671 id
381 1618 438 1689 est,
452 1613 565 1675 meritis
577 1612 752 1675 melioribus
763 1613 947 1691 sexcenties,
956 1630 1047 1690 quam
1054 1613 1184 1675 finissent

262 1714 367 1756 eorum
389 1694 618 1776 frigidissimae,
646 1703 677 1757 et
699 1696 778 1758 forte
801 1695 1049 1756 damnatissimae
1071 1698 1181 1757 oratic-

261 1797 323 1841 nes.
369 1778 459 1839 Adeo
482 1798 545 1841 non
567 1780 736 1857 attendunt,
758 1780 789 1839 in
802 1778 927 1839 servitio
943 1779 1075 1857 proximi
1097 1798 1181 1839 man-

263 1861 368 1922 datum
391 1862 454 1922 Dei
470 1862 582 1923 debers
603 1863 749 1943 praeferri
772 1860 918 1922 mandato
940 1861 1115 1941 hominum,
1147 1864 1179 1923 in

264 1944 407 2005 lallandis
429 1944 529 2007 verbis
547 1946 692 2007 ,horarum
714 1948 780 2008 sine
803 1944 970 2007 intellectu.
1197 2004 1203 2013 ,

343 2028 413 2088 Huc
434 2030 604 2108 pertinent,
638 2031 689 2109 qui
710 2032 790 2091 intra
812 2047 980 2106 canonem,
1007 2030 1099 2089 etiam
1125 2049 1182 2109 pro

264 2131 384 2172 summa
407 2113 592 2175 necessitate
619 2118 649 2173 et
681 2112 834 2193 periculo,
869 2112 954 2192 loqui
982 2118 1035 2171 ant
1056 2132 1183 2191 puerum

264 2214 376 2255 vocare
410 2195 496 2255 nefas
517 2200 642 2275 putent,
684 2195 797 2256 deinde
823 2196 967 2255 ieiunium
993 2194 1075 2255 aliud
1098 2202 1183 2255 natu-

263 2298 324 2355 rae,
347 2277 431 2339 aliud
453 2278 602 2339 ecclesiae
622 2278 779 2357 facientes,
803 2279 830 2337 si
851 2279 918 2356 quis
939 2277 990 2338 vel
1006 2278 1183 2358 imprudens

263 2368 364 2441 guttas
388 2359 506 2440 aliquot
526 2360 676 2443 glutierit,
698 2369 752 2423 aut
778 2360 949 2421 medicinae
982 2360 1054 2441 qnid
1082 2381 1183 2441 sump-

264 2446 353 2521 serit,
392 2446 515 2525 penitus
536 2465 557 2505 a
577 2448 770 2507 sacramento
793 2452 933 2519 arceant,
962 2451 993 2506 et
1019 2451 1181 2524 paccatum

263 2529 311 2589 vel
345 2528 512 2587 maximum
541 2528 590 2588 hic
618 2534 761 2590 statuant
805 2528 900 2588 Miror
921 2546 995 2610 ego,
1027 2526 1181 2588 undenam

263 2611 439 2673 hominibus
464 2612 529 2671 istis
552 2613 699 2673 autoritas
721 2613 760 2672 sit
785 2611 893 2672 harum
922 2610 1023 2691 legum
1046 2610 1182 2672 conden-

263 2695 381 2772 darum,
404 2699 436 2753 et
455 2697 591 2774 peccatis
613 2714 684 2755 ase
696 2696 826 2775 repertis
846 2695 1100 2758 conscientiarum
1115 2714 1182 2775 per-

265 2775 493 2839 turbandarum.
535 2778 584 2837 Ex
605 2780 641 2838 iis
665 2780 864 2839 aestimentur
880 2777 998 2855 reliqua
1011 2777 1140 2854 similia.

343 2860 430 2920 Laici
443 2863 525 2921 'vero
549 2862 625 2921 alins
649 2860 813 2922 confitetur
834 2880 868 2920 se
890 2857 1021 2921 libenter
1041 2864 1184 2940 gustasse

264 2944 376 3021 dulcia,
398 2942 475 3004 alius
498 2943 622 3005 audisse
644 2944 789 3021 iucunda,
813 2943 956 3004 olfecisse
978 2943 1118 3018 odorata,
1140 2949 1182 3002 te·

263 3029 370 3109 tigisse
411 3026 527 3089 mollia.
569 3027 619 3087 Ad
651 3028 768 3089 maiora
797 3027 977 3103 veniamus,
1009 3022 1183 3086 comedisse

263 3112 405 3191 butyrum
430 3110 480 3170 vel
502 3128 563 3170 ova
595 3110 700 3172 diebus
722 3110 843 3185 ieiunii,
877 3108 970 3187 vulgo
1003 3125 1182 3186 persuasum

264 3202 310 3255 est
330 3194 519 3254 haereticum
549 3212 633 3273 esse,
665 3200 727 3253 tam
756 3192 901 3273 atrociter
921 3191 1063 3250 saeviunt
1095 3189 1182 3271 leges

262 3278 421 3339 hominnm
444 3277 474 3336 in
496 3275 628 3337 ecclesia
646 3277 719 3354 Dei,
741 3283 772 3338 st
792 3295 851 3337 nos
874 3273 981 3355 populi
1001 3274 1061 3335 hac
1081 3293 1183 3358 super·

263 3361 405 3437 stitione,
426 3360 488 3420 imo
511 3367 617 3421 nostra
639 3358 802 3440 tyrannide
823 3376 930 3421 secure
951 3358 1085 3430 fruimur,
1107 3357 1183 3417 nihil

262 3449 405 3503 curantes
428 3442 484 3503 Dei
505 3450 672 3523 praecepta
691 3444 805 3523 passim
831 3461 888 3523 pro
915 3440 1046 3503 ludibrio
1068 3440 1184 3517 haberi,

262 3526 356 3589 modo
375 3524 415 3585 ad
438 3532 558 3586 nostras
580 3533 713 3606 paveant
734 3532 766 3587 et
786 3526 923 3606 palleant
943 3523 1039 3605 leges.

344 3608 526 3669 Adulterum
549 3629 639 3670 nemo
666 3609 852 3670 haereticum
881 3614 988 3685 vocat,
1021 3605 1183 3667 fornicatio

263 3693 331 3753 leve
355 3698 531 3773 peccatum,
553 3693 718 3753 schismata
739 3698 771 3753 et
790 3692 962 3753 discordiae
975 3690 1077 3749 'etiam
1098 3693 1182 3749 cuto-

263 3777 353 3837 ritate
376 3782 408 3837 et
429 3776 554 3836 nominc
576 3776 715 3837 eccesiae
738 3778 902 3854 suscitata,
931 3780 962 3833 et
989 3778 1124 3850 servata,
1152 3778 1184 3833 et

263 3866 370 3937 ancta,
399 3860 509 3920 merita
530 3867 609 3921 sunt.
652 3859 713 3920 Sed
734 3877 844 3921 carnes
867 3865 957 3921 sexta
976 3857 1052 3917 feria
1081 3854 1183 3917 edisse

264 3942 436 4005 haeresium
460 3944 595 4005 omnium
618 3962 736 4005 summa
750 3948 806 4024 est,
829 3943 874 4002 sic
894 3960 951 4003 nos
974 3937 1128 4001 erudimus
1150 3946 1182 4001 et

266 4026 377 4089 erudiri
398 4026 600 4108 permittimus
622 4026 769 4108 populum
793 4026 912 4091 Christi.
