3159 4792
586 487 683 541 mutus
699 481 734 539 lt
754 482 912 539 Luthsrum.
1152 481 1214 551 311

290 668 423 747 riosam,
458 672 491 729 et
517 667 548 729 iu
581 667 741 729 [insensum
777 675 973 749 praesentem
1003 668 1091 749 plura
1126 668 1214 749 dixit,

291 770 384 831 quam
405 753 438 811 in
459 752 560 831 ipsum
576 750 751 826 Lutherum
774 752 1040 833 impudentissime
1052 755 1214 815 mentiens.

290 834 406 896 Aiebat
424 834 588 895 Lutberum
610 836 641 895 in
655 835 826 896 horrendos
845 836 916 898 illos
928 854 1047 897 errores
1059 836 1214 915 incidisse,

290 917 375 998 quod
399 922 484 978 esset
502 918 630 998 rupidus
652 938 822 998 novorum,
846 938 914 979 euru
936 919 1087 980 liutherus
1110 921 1215 981 omnis

290 1020 347 1061 sua
368 1001 505 1062 hauserit
517 1020 557 1061 ex
572 1001 756 1082 Augustino,
778 1002 947 1081 Beruardo,
970 1002 1120 1081 Gereone,
1144 1004 1229 1064 car-1
1276 1054 1282 1067 .

289 1084 395 1145 dinale
424 1084 559 1145 cusano.
600 1084 732 1147 Dioebat
751 1084 913 1145 ffiasmum
947 1085 1214 1147 vehementissime

290 1167 407 1229 invisae
427 1166 577 1244 Lutbem,
600 1188 668 1229 eum
691 1188 848 1247 uunquam
871 1170 1026 1229 misouerit
1046 1188 1080 1229 se
1103 1188 1216 1230 eausse
1311 1212 1313 1216 -

288 1250 389 1329 iliius,
422 1250 477 1311 sed
499 1257 617 1312 tautum
643 1251 833 1332 improbaret
861 1251 1002 1330 modum,
1037 1271 1098 1332 quo
1128 1252 1212 1313 ilium

288 1333 559 1415 aggrediebantur,
580 1336 784 1395 voniferautes
804 1333 886 1415 apud
905 1334 1049 1396 indoetos
1066 1337 1095 1395 in
1118 1336 1214 1413 illum,

289 1435 381 1496 quem
403 1416 524 1478 nollent
551 1424 689 1478 autnon
712 1425 842 1497 possent
863 1417 1019 1495 refellere,
1054 1418 1211 1499 multaque

287 1499 336 1560 bis
368 1500 497 1576 similia,
526 1502 734 1581 perstringens
757 1500 881 1579 oblique
902 1500 1078 1581 linguanae
1099 1520 1212 1563 novum

287 1582 531 1661 Testamentum,
553 1582 646 1662 idque
666 1583 835 1645 ridentibus
858 1602 939 1663 pene
963 1582 1113 1645 omnibus.

370 1666 429 1725 Die
450 1665 611 1727 Dominieo
636 1668 776 1747 proximo
805 1668 928 1747 repetiit
950 1666 1068 1744 eedem,
1091 1674 1122 1728 et
1144 1668 1211 1728 Bul·

288 1749 351 1808 iam
375 1748 512 1809 ostendit
527 1749 654 1828 populo.
697 1749 819 1828 Videte,
840 1751 948 1828 iuquit,
971 1748 1116 1830 sigillum,
1139 1768 1212 1830 qua⁴

287 1832 312 1890 si
335 1830 399 1892 hoo
419 1832 459 1891 sit
481 1832 656 1912 approbare
674 1832 793 1893 Bullsm
816 1833 922 1913 procul
945 1832 1110 1894 ostendere
1131 1834 1212 1915 sigil-

286 1914 361 1974 ium.
407 1914 529 1975 Adiecit
549 1916 629 1975 inter
644 1923 748 1976 cetera
769 1916 878 1976 odiose
901 1922 1013 1976 notans
1030 1915 1207 1980 Erasmum:

287 1997 423 2058 Venient
444 2004 476 2058 et
496 1998 555 2077 ipsi
572 1998 738 2077 aliquando
761 1998 800 2059 ad
825 1998 943 2078 palum,
966 2000 1024 2059 nisi
1047 1998 1212 2078 desistant3

286 2082 374 2160 qussi
397 2080 487 2141 Bulla
520 2100 582 2141 nou
613 2079 777 2143 sufficeret.
820 2080 946 2141 Exierat
976 2088 1007 2141 et
1035 2082 1211 2143 mandatum

285 2164 427 2225 Baeturia
449 2164 544 2224 multa
568 2163 732 2246 adiiciens,
766 2184 846 2243 quae
868 2166 899 2223 in
921 2165 1011 2225 Bulla
1032 2184 1094 2249 non
1117 2165 1208 2226 hsbe·

286 2246 415 2325 bantur,
448 2266 488 2307 ne
509 2247 716 2307 venderentur
743 2247 839 2307 libelii
862 2246 966 2326 scripti
995 2248 1027 2306 in
1054 2248 1210 2307 infamiam

287 2330 526 2390 Universitatum
556 2336 586 2391 et
607 2330 758 2392 bonorum
782 2330 926 2390 virorum.
968 2329 1037 2391 Hoo
1058 2348 1209 2410 opposue-

284 2421 357 2473 runt
378 2414 509 2473 orationi
531 2413 709 2493 Dorpiause
730 2421 762 2473 et
782 2412 953 2473 Mosellaui.

369 2494 636 2556 Obmurmuratum
659 2503 706 2557 est
727 2495 984 2572 alureoousultis,
1007 2494 1209 2574 quibusnune

283 2580 396 2660 ingena
413 2578 571 2639 dissidium
586 2586 633 2639 est
653 2598 723 2639 oum
745 2578 924 2659 Theologis.
967 2579 1088 2640 insutu
1112 2579 1208 2638 euius-

284 2661 355 2723 dum
378 2660 580 2722 iureconsulti
596 2663 772 2742 paucissimi
784 2661 939 2743 Theologi
962 2668 1208 2742 eomparueruut,

284 2746 314 2805 in
339 2746 483 2825 proxims
504 2744 640 2805 eiusdem
655 2744 792 2806 Licentia
813 2744 913 2805 nullus
930 2744 1102 2824 comparuit
1122 2762 1209 2823 pras-

285 2835 331 2888 ter
352 2826 503 2908 Dorpium
536 2836 569 2888 et
589 2828 761 2888 Erasmum.
805 2828 882 2887 Nem
911 2826 1021 2887 eodem
1056 2826 1105 2886 die
1132 2826 1208 2886 iuhi-

284 2911 416 2971 buerant
436 2910 588 2990 Theologi
610 2910 767 2972 Licentiae
789 2917 901 2986 aetum,
923 2909 976 2969 sed
998 2908 1082 2968 iliieo
1104 2908 1209 2989 appel-

283 2994 381 3055 latum
404 3001 461 3072 est,
483 3001 514 3054 et
528 3002 686 3055 ostensum
709 3002 766 3072 est,
787 2994 858 3053 illos
870 3010 932 3053 nou
947 3009 1040 3073 posse
1060 2990 1208 3051 inhibere.

283 3077 351 3137 Neo
374 3084 478 3137 tamen
501 3077 666 3137 voluerunt
687 3083 853 3138 retractare
874 3092 961 3135 susm
984 3072 1207 3135 inhibitionem.

284 3158 347 3221 Sed
377 3159 492 3220 iubos
526 3160 754 3239 conspirarunt,
795 3166 830 3219 ut
863 3176 956 3218 neruo
977 3156 1208 3237 'lireologorum

284 3250 489 3322 compareret,
511 3243 580 3304 solo
595 3243 712 3323 Dorpio
731 3262 794 3303 non
807 3242 935 3319 monito,
956 3241 1117 3300 Erasmum
1135 3257 1206 3299 oon·
1317 3274 1322 3279 -

284 3327 450 3423 stituerunt
471 3345 626 3406 nunquam
650 3344 764 3387 vocare
786 3324 826 3385 ad
848 3331 933 3403 eota,
957 3344 978 3385 o
997 3341 1123 3403 gravem
1147 3322 1208 3382 vin-

284 3408 446 3567 (immanis
468 3491 560 3573 digne
580 3493 704 3552 miretur
721 3492 880 3552 homiuum
904 3487 1110 3551 dementium?
1131 3487 1208 3547 Rern

286 3586 349 3635 tem
372 3582 527 3649 aboeem,
562 3593 643 3654 quae
665 3575 765 3655 possit
797 3580 894 3633 totum
918 3570 1102 3633 conturbsre
1123 3588 1210 3628 mun·

286 3658 375 3736 dum,
397 3659 535 3738 aggressi
557 3664 631 3717 suut
651 3667 713 3717 tarn
735 3657 828 3716 stulte
851 3675 889 3716 ao
910 3662 1035 3716 temere.
1080 3652 1210 3713 Constat

285 3742 407 3803 Romae
425 3760 489 3801 rem
503 3746 604 3801 aotam
624 3741 691 3801 sine
711 3738 829 3815 ordine,
852 3739 1050 3799 vehementer
1061 3734 1209 3796 obsisten-

286 3833 315 3886 te
326 3824 419 3888 Gard.
442 3824 473 3885 S.
485 3823 590 3885 Crucis
613 3831 646 3883 et
665 3822 734 3883 aliis
748 3821 860 3882 multis.
882 3819 972 3881 Bulia
989 3818 1140 3879 Coloniae
1153 3817 1209 3877 Lo-

286 3910 431 3988 vaniique
460 3914 534 3968 nata
562 3907 618 3967 fuit
648 3924 763 3966 anuas
794 3912 959 3984 antequam
985 3901 1146 3981 evulgata,
1179 3908 1211 3961 et

287 3991 370 4073 quod
393 4009 541 4052 extusum
577 3996 639 4069 est,
668 3987 797 4049 dissidet
818 4007 837 4047 a
859 3986 963 4064 Bulla,
997 4003 1089 4064 quam
1111 3982 1211 4045 adfert
