3159 4792
389 501 447 574 138
659 512 815 581 &sponsio
836 514 866 573 u.
887 514 921 572 u.
940 514 1056 576 uase·
1087 551 1092 560 «

486 698 670 777 Responsio.
696 698 739 780 (s.
752 700 772 762 l.
785 708 816 761 et
832 704 880 773 a.)
915 699 966 776 (si
986 700 1122 781 quidex
1143 700 1305 766 literarum

486 781 591 843 tonniis
612 784 765 848 eoniioere
787 783 875 860 lieet,
901 802 966 847 uon
987 783 1115 848 dubis-ns
1135 792 1197 861 est,
1231 785 1305 863 euin

486 864 535 925 hio
569 864 645 927 liber
666 866 899 948 Wittsnbergae
928 864 1048 949 (1520)
1083 884 1217 932 excusus
1247 868 1304 928 sita

486 947 565 1007 tituli
586 951 699 1029 pagins
721 951 816 1031 signis
838 951 1070 1031 typographiois
1098 970 1161 1017 uon
1184 959 1304 1012 oster·

485 1030 587 1112 neta).
600 1035 628 1095 t.
653 1033 749 1104 (Bibl.
772 1034 861 1113 Reip.
873 1033 1010 1099 Neriuub.
1034 1034 1150 1101 Psnze
1164 1034 1216 1109 ix,
1230 1033 1304 1114 76).

465 1113 638 1177 Secundum
660 1116 741 1177 hene
763 1116 931 1183 editionem
953 1117 1134 1198 originalem
1155 1136 1213 1179 nos
1235 1117 1304 1177 red-

382 1196 623 1261 didimushuius
646 1199 741 1264 libelli
763 1206 891 1269 textum,
1294 1237 1299 1244 1

463 1280 586 1361 Legitur
607 1282 667 1343 hoe
688 1285 834 1363 seriptum
847 1284 951 1351 .lattne
966 1285 1058 1348 etism
1081 1284 1112 1345 in
1136 1282 1208 1347 edit.
1222 1280 1305 1362 Opp.
1337 1290 1341 1297 '

380 1362 466 1428 Loth.
488 1364 556 1425 den.
579 1364 643 1445 lp.
666 1368 736 1431 492.
760 1366 957 1429 Wlttenb.ll
986 1385 1015 1447 p.
1040 1369 1095 1445 30,
1125 1366 1304 1447 germanias

379 1447 411 1507 in
433 1446 504 1507 edit.
527 1448 607 1527 Opp.
628 1448 716 1511 Loth.
748 1449 897 1511 Wittenb.
920 1450 984 1527 Vll,
1005 1451 1056 1513 22.
1095 1450 1162 1511 Jeu.
1186 1450 1207 1524 l,
1231 1450 1303 1513 218.

379 1529 503 1678 alaone.
516 1531 556 1675 1l,
597 1533 667 1598 246.
706 1532 788 1614 Lips.
811 1533 913 1613 XVII,
947 1534 1018 1599 286.
1064 1531 1187 1593 Waleh.
1217 1530 1304 1607 Xlll,

377 1831 428 1897 Ad
455 1830 642 1900 Sahedulam
669 1830 875 1899 inhibitionis
902 1835 961 1901 suh
990 1835 1127 1915 nomine,
1146 1834 1300 1917 Episcopi

378 1914 548 1981 ldisuensis
583 1916 701 2013 editam
727 1933 825 2063 suffles
851 1934 992 2015 sermons
1026 1916 1064 2017 de
1096 1917 1301 1984 sacramento

460 1998 683 2067 Eucharistiae
704 1997 1054 2170 BReglrfflohuthsn
1073 2001 1214 2088 August.

778 2254 899 2318 lesus.

378 2389 553 2450 Christiane
584 2397 615 2450 et
642 2390 697 2450 Pio
730 2386 838 2451 leoteri
868 2389 1016 2450 Martinus
1041 2340 1195 2451 ¹liutherus
1219 2386 1301 2468 Aug.

586 2472 721 2535 Salutem
744 2475 776 2533 in
799 2473 933 2534 Domino
957 2474 1088 2537 Christo.
1142 2563 1145 2570 .
1222 2497 1229 2508 ·

460 2627 552 2689 Edita
579 2637 626 2689 est
654 2628 760 2689 diebus
776 2630 855 2711 ,istis
879 2627 1028 2689 sohedula
1055 2626 1207 2707 quaedam
1241 2625 1300 2686 sub

375 2710 465 2771 titulo
494 2710 667 2771 Revereudi
688 2712 719 2771 in
743 2711 864 2773 Christo
886 2710 983 2771 Patris
1006 2712 1038 2770 et
1058 2711 1203 2785 Domini,
1229 2708 1302 2789 lupr-

375 2794 463 2872 soopi
485 2794 647 2855 Misuensis
680 2795 849 2875 ecelesiae,
880 2794 1060 2881 praehabito
1096 2791 1150 2876 (ut
1185 2793 1299 2866 tertsrr)

376 2875 507 2955 Capituli
538 2880 584 2939 sui
608 2878 752 2940 oonsilio·
776 2885 808 2939 et
841 2893 984 2955 assensu,
1021 2895 1170 2958 appresso
1200 2876 1296 2936 etiam

376 2959 478 3039 sigillo
500 2960 690 3024 Offieialatus
713 2960 895 3042 Stolpensis,
917 2961 949 3020 in
972 2977 1032 3041 qna
1053 2966 1180 3021 novetur
1201 2965 1234 3019 et
1255 2960 1299 3017 iu·

376 3042 478 3122 betur,
506 3056 541 3105 nt
562 3046 742 3108 Sermonem
773 3064 875 3105 meum
901 3042 941 3104 de
963 3041 1162 3104 §aeramento
1185 3041 1298 3101 eueha

375 3126 479 3187 ristiae
501 3129 650 3213 eolligunt
670 3136 701 3192 et
722 3129 896 3203 detineant,
926 3133 1056 3206 propter
1076 3126 1245 3186 schismata
1267 3130 1300 3185 et

377 3210 533 3289 seandalo,
555 3213 711 3293 multaque
732 3212 793 3272 alie
814 3210 964 3291 perieuls,
984 3226 1073 3289 quse
1094 3228 1135 3269 ex
1156 3208 1210 3269 illo
1235 3226 1298 3268 nra·
1397 3273 1398 3296 ,

377 3309 451 3354 nare
474 3292 673 3372 eontendunt,
697 3294 737 3357 ob
760 3293 958 3354 unioumhoa
972 3291 1101 3353 verbnm
1115 3290 1201 3373 quod
1219 3289 1301 3350 dixi:

375 3376 450 3438 Mihi
474 3377 587 3439 bonurn
610 3386 641 3439 et
662 3377 823 3459 polohrnm
845 3374 951 3454 videri,
973 3376 999 3435 si
1022 3374 1184 3436 ordinante
1205 3392 1303 3453 gene·

336 3466 341 3477 ⁴
375 3461 431 3523 reli
464 3462 609 3540 quopiam
640 3458 780 3522 Concilio
803 3463 1001 3537 statueretur,
1023 3464 1152 3542 uosque
1176 3458 1299 3536 speeies

378 3546 470 3607 etiarn
492 3544 579 3605 leiois
602 3540 796 3626 porrigenda.
1041 3584 1044 3591 -

460 3626 528 3708 Ego
551 3646 635 3705 vero,
658 3628 682 3688 si
705 3626 787 3689 aliud
810 3623 885 3686 nihil
908 3627 1032 3705 praeter
1051 3624 1129 3683 hado
1162 3630 1302 3703 agerent,
1395 3607 1396 3664 l

378 3731 469 3791 quam
493 3716 527 3771 ut
540 3710 636 3772 libelli
651 3712 711 3771 mei
723 3710 979 3791 opprimerentur,
1002 3706 1141 3789 gaudens
1154 3712 1302 3780 tenerem,

379 3796 429 3874 qui
457 3814 523 3855 sum
554 3814 591 3856 eo
620 3796 739 3873 animo,
770 3800 804 3854 ut
831 3793 897 3853 sive
923 3792 993 3871 quis
1019 3806 1090 3851 meo
1117 3788 1176 3848 sibi
1203 3794 1302 3868 peret,
1394 3789 1395 3846 l

377 3877 443 3937 sive
470 3880 602 3957 reiieiet,
630 3894 743 3958 susque
772 3877 873 3956 deque
900 3875 1022 3936 faeiem.
1072 3871 1176 3933 Gratis
1204 3878 1237 3931 et
1270 3873 1301 3931 in

376 3972 539 4022 commune
561 3962 687 4041 servivi,
725 3960 856 4041 dedique
882 3958 967 4040 quod
992 3957 1121 4036 -seoepi,
1144 3956 1300 4016 neminem
1393 3949 1394 4030 l

378 4042 469 4122 coepi
483 4050 524 4103 'nt
543 4044 668 4127 legeret.
712 4043 794 4120 Quid
813 4037 897 4108 enirn
919 4034 1137 4117 mealrsttrot,
1158 4039 1187 4103 si
1210 4037 1298 4100 multi
