3159 4792
363 522 426 591 168
697 518 853 579 mutandi
871 522 943 576 ratio

369 714 445 778 Gom
469 714 548 777 enim
571 710 851 774 excommunicatio
881 710 921 771 sit
941 728 1025 771 mere
1044 728 1149 791 poena
1169 715 1201 771 et
1220 728 1286 771 non

366 798 477 879 culpa,
508 798 637 875 lenique
659 796 758 875 possit
779 812 872 874 super
892 795 1105 873 innocentem,
1139 801 1192 855 aut
1223 792 1287 853 lata

365 901 489 943 manere
517 899 609 961 super
637 879 885 959 resipiscentem,
921 884 954 938 ut
967 876 997 953 l)
1021 884 1147 958 propter
1168 877 1287 938 itineris

367 963 588 1046 longitudinem
602 961 651 1022 vel
673 962 850 1042 pauperiem
863 979 992 1022 necesse
1014 963 1054 1022 sit
1065 960 1177 1021 differri
1200 960 1288 1021 satis·

367 1048 548 1125 factionem,
583 1044 674 1107 debet
700 1044 897 1105 nihilomiuus
936 1043 1087 1105 confitens
1112 1045 1156 1118 (si
1179 1046 1284 1123 petat)

372 1130 491 1192 absolvi
513 1129 552 1191 ab
574 1128 715 1197 omnibus
736 1128 872 1207 peccatis
888 1128 960 1204 suis,
981 1135 1013 1188 et
1032 1147 1088 1208 pro
1100 1126 1223 1187 vinculo
1236 1146 1289 1187 ex·

368 1212 654 1276 communicationis
676 1210 827 1271 solvendo
852 1217 883 1271 et
903 1210 1119 1272 satisfaciendo
1142 1210 1291 1291 potestati

368 1297 498 1375 dimitti,
521 1303 552 1357 et
573 1296 632 1373 sic,
662 1295 692 1354 iu
713 1294 781 1353 foro
804 1294 861 1353 Dei
884 1301 916 1354 et
936 1295 1145 1358 conscientiae
1166 1293 1288 1354 absolu-

367 1386 415 1441 tus
438 1400 457 1440 a
478 1378 569 1460 culpa
592 1384 623 1439 et
644 1378 800 1458 peccatis,
837 1378 915 1437 mitti
948 1377 986 1437 ed
1008 1377 1105 1439 forum
1129 1377 1292 1455 ecclesiae,

367 1464 534 1524 solvendus
567 1482 587 1521 a
607 1479 725 1541 poena,
766 1459 827 1520 hoc
850 1467 913 1535 est,
948 1459 1030 1538 quod
1053 1460 1175 1532 dicitur,
1205 1458 1290 1519 sulli-

368 1566 439 1608 cere
460 1543 652 1617 absolvendo
676 1544 832 1623 peccatori
853 1549 958 1604 votum
982 1543 1208 1605 satisfactionis.

741 1708 856 1769 Ultimo
871 1706 920 1792 *).

358 1886 362 1899 ·
449 1863 598 1923 Votorum
620 1862 698 1921 ratio
721 1860 801 1920 toret
820 1860 1063 1939 consideranda,
1085 1879 1164 1939 quae
1187 1879 1293 1941 paene

368 1948 500 2007 maxima
541 1952 569 2006 st
601 1945 632 2004 in
654 1943 712 2003 hac
733 1962 765 2002 re
788 1944 944 2021 quaestio,
977 1945 1134 2023 multoque
1163 1944 1293 2003 maioris

367 2028 527 2090 confusion
578 2027 715 2100 materia,
738 2045 830 2105 quam
845 2045 969 2087 casuum
983 2028 1162 2103 reservatio,
1185 2045 1293 2105 quam·

369 2114 414 2172 vis
438 2118 469 2171 et
489 2111 566 2171 haec
597 2129 682 2169 suam
705 2108 896 2188 Babylonem
919 2129 1031 2190 magna
1053 2108 1216 2190 tyrannide
1237 2128 1293 2169 ex-

367 2200 458 2256 ercet.
502 2192 592 2269 Quod
615 2194 640 2252 si
661 2192 712 2252 hic
732 2191 828 2251 libere
850 2192 1013 2271 quisvelit
1033 2193 1128 2272 loqui,
1149 2212 1212 2254 nou
1234 2211 1294 2272 po·

367 2280 440 2339 terit
460 2285 541 2338 terra
560 2276 710 2337 sustinere
733 2276 891 2345 universos
915 2295 1073 2337 sermones
1096 2276 1171 2354 eius,
1194 2280 1228 2335 ut
1248 2274 1294 2337 de

367 2362 463 2425 Amos
485 2360 558 2421 dicit
581 2358 867 2438 Amarissimpius.

448 2444 580 2503 Primum
604 2448 635 2502 et
656 2442 804 2521 optimum
827 2441 990 2503 consilium
1011 2442 1107 2519 foret,
1141 2442 1168 2499 si
1189 2443 1294 2520 ponti·

367 2527 441 2587 lices
464 2534 494 2586 et
507 2525 743 2586 concionatores
764 2524 911 2603 populum
933 2523 1166 2585 dehortarentur
1186 2531 1218 2583 et
1238 2522 1294 2583 de-

367 2616 514 2669 terrerent
524 2628 544 2667 a
559 2608 712 2688 pronitate
723 2606 867 2685 vovendi,
880 2606 1089 2683 ostendentes,
1106 2626 1197 2686 quarn
1214 2606 1295 2667 nihil

368 2694 408 2753 sit
428 2692 562 2752 visitatio
585 2696 684 2751 terrae
706 2696 849 2767 sauctae,
883 2690 1017 2769 Romae,
1049 2688 1295 2770 compostellae,

366 2775 538 2836 aliorumve
548 2774 689 2834 locorum
706 2778 892 2851 sanctorum,
907 2779 969 2833 tum
986 2775 1178 2852 ieiuniorum,
1199 2774 1294 2834 orati-

368 2876 470 2933 onum,
494 2876 681 2937 operumque
703 2875 721 2915 a
744 2876 778 2916 se
800 2856 966 2917 electorum
989 2858 1099 2935 studia,
1122 2858 1147 2917 si
1166 2875 1295 2935 compa-

368 2949 434 3002 rata
454 2942 566 3001 fuerint
581 2938 620 2999 ad
643 2956 738 3019 opera
760 2939 972 3000 mandatorum
995 2940 1067 3018 Dei,
1090 2939 1180 3001 etad
1202 2946 1293 3018 vota,

368 3026 498 3104 quaein
521 3022 673 3102 baptismo
698 3022 847 3101 vovimus,
871 3024 1000 3102 quaein
1024 3022 1117 3084 domo
1139 3043 1195 3084 sua
1216 3041 1297 3102 erga

367 3108 524 3188 proximos
537 3124 630 3183 ,suos,
653 3106 826 3185 coniugem,
848 3105 971 3184 liberos,
993 3125 1111 3184 servos,
1133 3104 1292 3184 dominos,

367 3192 466 3270 possit
488 3208 555 3249 cum
581 3187 861 3267 incomparabiliter
884 3188 1049 3250 maioribus
1071 3190 1185 3250 meritis
1208 3188 1296 3267 quis-

368 3292 427 3353 que
450 3291 586 3349 servare,
619 3290 709 3351 quarn
732 3271 797 3331 voti
818 3271 962 3350 operibus
983 3292 1002 3332 a
1023 3292 1058 3333 se
1079 3272 1201 3349 electis,
1231 3290 1296 3333 uec

370 3355 475 3415 aDeo
499 3354 652 3414 mandalis
675 3354 822 3412 invenire.

452 3437 551 3500 Stulta
573 3438 676 3516 opinio
698 3434 782 3515 vulgi
798 3442 831 3497 et
847 3455 963 3517 pompa
974 3437 1128 3498 Bullarum
1143 3437 1295 3515 feceruut,

368 3530 401 3581 ut
420 3528 494 3582 vota
507 3522 566 3581 ista
577 3519 867 3600 peregrinationum,
890 3520 1081 3599 ieiuniorum,
1103 3520 1291 3599 orationum,

368 3612 399 3665 et
420 3604 625 3683 quorumlibet
646 3621 774 3681 operum
798 3602 892 3684 louge
910 3604 1193 3684 praeponderentur
1215 3621 1295 3682 ope·

367 3688 449 3748 ribus
463 3686 674 3747 mandatorum
687 3685 754 3765 Dei,
778 3703 857 3764 quae
868 3694 969 3747 tumen
986 3695 1018 3748 ut
1034 3688 1192 3764 faciamus,
1214 3706 1293 3747 nun·

366 3846 576 3857 -——-—-——=
584 3842 790 3853 -n--u-——n-

443 3905 473 3967 1)
497 3904 526 3955 lu
546 3903 588 3957 ed.
609 3904 692 3972 orig.:
712 3905 791 3975 euim.
989 3948 993 3954 .

438 3974 469 4039 *)
491 3974 521 4028 ln
542 3974 584 4029 ed.
605 3974 664 4027 Jen.
683 3973 785 4045 legitur
804 3978 867 4027 aute
887 3972 1051 4027 vocabulum
1075 3972 1201 4025 ultimo
1220 3971 1293 4027 haec

368 4046 527 4112 inscriptio:
546 4046 587 4101 De
609 4048 690 4099 votis.
