3159 4792
384 530 449 598 374
696 532 847 601 nrspuauc
866 526 899 583 n.
921 530 953 581 11.
974 528 1000 581 1.

427 722 457 786 2.
487 719 629 781 Ecclesia
650 720 712 780 Det
735 736 798 781 non
826 718 920 781 habet
948 722 1132 799 potestatem
1156 716 1311 777 statuendi

386 804 482 867 ullum
504 810 701 885 praeceptum
719 803 870 865 banorum
886 806 1023 883 operum,
1046 801 1126 862 sicut
1139 818 1199 861 nec
1217 797 1309 861 ullum

391 907 526 968 unquam
548 888 663 965 statuit,
685 904 746 947 nec
765 893 880 947 statuet
900 887 931 945 in
952 892 1143 967 perpetuum.

429 990 458 1053 3.
488 987 604 1049 Omnes
633 988 751 1048 articuli
782 986 969 1049 sufficienter
998 992 1068 1047 sunt
1094 986 1125 1045 in
1149 984 1311 1065 scripturis

387 1073 501 1167 sanctis
524 1069 656 1150 conditi,
688 1076 723 1130 ut
752 1090 816 1132 non
851 1071 891 1131 sit
918 1088 995 1151 opus
1023 1069 1117 1129 ullum
1149 1074 1311 1148 praetcrea

386 1153 599 1299 coppi-omnia
633 1244 800 1318 praecepta
833 1236 984 1296 bonorum
1018 1220 1249 1317 operum'sunt
1281 1234 1310 1292 in

387 1320 548 1401 scripturis
585 1320 699 1379 sanctis
733 1318 920 1379 sufficienter
948 1326 1077 1398 statuta,
1112 1322 1146 1377 ut
1176 1336 1241 1378 non
1274 1318 1313 1376 sit

387 1422 464 1484 opus
487 1403 582 1462 ullum
605 1410 766 1483 praeterea
787 1403 887 1462 statui.

430 1508 458 1569 5.
482 1503 622 1563 Ecclesia
644 1503 702 1563 Dei
724 1522 787 1564 non
811 1502 904 1564 habet
920 1508 1105 1583 potestatem
1118 1500 1312 1585 approbandi

387 1586 532 1650 articulos
557 1592 610 1647 aut
624 1602 791 1666 praecepta
813 1606 866 1646 seu
886 1585 1057 1667 Scripturas
1069 1594 1204 1665 sanctas,
1228 1606 1312 1646 more

386 1671 521 1748 Maioris,
544 1669 593 1730 vel
617 1671 780 1730 autoritate
797 1669 943 1749 iudiciali,
966 1688 1024 1730 nec
1037 1667 1068 1729 id
1083 1690 1217 1749 unquam
1231 1667 1313 1747 fecit,

388 1761 441 1814 aut
462 1754 562 1814 faciet.

429 1839 457 1899 6.
488 1834 629 1896 Ecclesia
659 1834 717 1895 Dei
761 1835 864 1915 potius
905 1842 1013 1896 contra
1051 1855 1106 1915 per
1139 1834 1312 1915 Scripturas

389 1927 513 1981 sanctas
533 1938 588 1979 seu
609 1918 755 1979 articulos
776 1918 847 1979 fidei
871 1925 919 1979 est
939 1918 1110 1999 approbata
1141 1930 1173 1979 et
1205 1916 1312 1979 confir-

388 2010 481 2081 mata,
503 2007 648 2081 tanquam
671 2022 690 2062 a
712 2000 829 2062 Maiore
852 2010 882 2062 et
903 2003 1067 2063 autoritate
1088 2001 1235 2063 iudiciali.

427 2089 456 2149 7.
478 2084 620 2145 Ecclesia
632 2084 688 2145 Dei
710 2085 863 2166 approbat
885 2084 1030 2147 articulos
1053 2082 1124 2145 fidei
1143 2105 1199 2145 seu
1212 2084 1311 2164 Scrip-

387 2176 480 2247 turas,
506 2187 591 2228 more
614 2168 758 2246 Minoris,
779 2166 810 2228 id
833 2174 898 2243 est,
921 2169 1064 2249 agnoscit
1086 2175 1116 2229 et
1138 2166 1313 2246 confitetur,

387 2254 466 2312 sicut
488 2270 595 2312 servus
616 2250 749 2331 sigillum
773 2249 890 2313 domiui
912 2252 966 2313 sui.
1335 2302 1341 2313 .

427 2336 456 2398 8.
480 2334 547 2395 Stat
563 2334 732 2395 sententia:
756 2333 816 2409 Qui
838 2354 900 2395 non
923 2334 1017 2396 habet
1038 2340 1224 2415 potestatem
1243 2352 1312 2414 pro·

389 2417 528 2478 mittendi
550 2424 582 2479 et
603 2416 695 2477 dandi
717 2417 849 2477 futuram
871 2425 902 2478 et
923 2425 1116 2497 praesentem
1146 2420 1257 2495 vitam,
1286 2415 1313 2476 is

390 2522 453 2560 non
476 2506 581 2579 potest
602 2500 736 2561 condere
757 2501 903 2561 articulos
925 2500 1007 2567 fidei.

431 2603 461 2663 9.
482 2600 627 2661 Ecclesia
647 2600 704 2661 Dei
726 2600 821 2678 lrabct
842 2607 1028 2681 potestatem
1051 2599 1214 2663 ordinandi
1233 2618 1315 2661 ccre-

392 2684 521 2760 monias,
544 2683 575 2743 in
589 2682 682 2759 feriis,
704 2684 791 2762 cibis,
813 2684 943 2763 ieiuniis,
964 2684 1116 2763 precibus,
1129 2683 1241 2764 vigiliis
1256 2688 1316 2745 etc.

393 2784 455 2826 non
479 2785 572 2845 super
595 2766 683 2843 alios,
705 2766 761 2828 sed
782 2767 882 2827 solum
897 2786 1035 2848 superse
1051 2769 1159 2848 ipsam,
1182 2784 1241 2825 nec
1262 2786 1317 2825 un-

390 2868 481 2928 quam
505 2848 594 2910 alitsr
614 2851 686 2909 iecit
708 2857 761 2910 aut
781 2850 883 2913 saciet.

390 3185 445 3229 tam
467 3179 647 3246 synagogam
667 3176 787 3231 Satanae
808 3184 834 3231 ct
854 3180 998 3230 uniuersas
1025 3181 1121 3244 portas
1145 3178 1315 3243 interorum

391 3254 488 3302 nostra
506 3251 649 3316 inscriptio
668 3252 786 3316 repetita
811 3258 854 3305 est
874 3250 993 3303 exedit.
1015 3248 1091 3303 1558.
1130 3249 1235 3301 Textus
1255 3249 1315 3301 red·

390 3318 464 3372 ditus
483 3328 580 3373 estex
598 3320 661 3373 edit
685 3322 765 3386 1538,
795 3323 897 3375 collata
915 3321 957 3374 cd.
977 3320 1056 3387 1558,
1078 3325 1103 3372 et
1121 3320 1243 3374 editione
1264 3322 1316 3373 ori·

359 3400 365 3412 ‘
390 3391 477 3462 ginali
497 3396 620 3460 separata
638 3392 719 3445 huius
739 3393 825 3447 solius
845 3394 1052 3462 disputationis,
1079 3408 1150 3460 quae
1169 3395 1197 3445 in
1216 3392 1315 3444 biblio-

390 3464 471 3515 tlreca
489 3464 681 3516 Universitatis
693 3464 873 3534 Erlangensia
892 3469 1050 3518 asservatur
1069 3472 1151 3531 atquc
1171 3478 1227 3517 uno
1246 3464 1315 3517 solio

387 3542 501 3603 patente
518 3534 623 3604 prodiit
641 3536 692 3588 sub
712 3537 764 3589 hac
779 3540 976 3606 inscriptione:
1016 3536 1166 3603 Sequentes
1188 3536 1313 3605 Proposi-

390 3610 479 3660 tiones
519 3609 637 3660 sustinet
672 3611 782 3661 favente
819 3610 928 3663 Christo
966 3606 998 3659 D.
1034 3606 1167 3659 1111111111
1201 3606 1313 3670 Latinas,

391 3678 510 3732 Sanctae
529 3676 669 3733 Ecclesiae
689 3681 739 3732 Dei
757 3680 1024 3749 Vuittcmbergensis
1046 3678 1158 3742 Ductor,
1178 3679 1313 3732 adversus

391 3755 475 3801 totam
490 3752 670 3821 synagogam
683 3751 803 3805 Satanae
823 3758 850 3805 et
868 3754 1012 3805 universas
1033 3758 1126 3819 portas
1145 3750 1312 3804 Iularorum.

390 3824 437 3881 (ci.
464 3822 569 3873 Walch.
595 3822 625 3873 Τ.
646 3822 711 3875 XIX
738 3842 763 3892 p.
782 3825 818 3879 83
847 3830 874 3877 et
894 3822 983 3888 1190).
1020 3820 1182 3875 Germanice
1210 3823 1315 3891 prodiit

389 3892 458 3944 hacc
477 3893 627 3960 disputatio
647 3895 699 3946 snb
719 3896 811 3949 titulo:
835 3894 926 3962 Elllttpe
945 3892 1052 3956 trudet,
1073 3894 1096 3960 lc
1108 3891 1314 3961 purcussus

389 3961 501 4028 asaias
529 3962 583 4018 ulit
609 3963 698 4019 rateto
727 3965 764 4020 tie
793 3970 874 4037 ponas
901 3965 1013 4021 &stans
1038 3962 1139 4033 6111111.
1170 3964 1258 4032 1530,
1288 3965 1315 4021 4.

391 4032 434 4099 (ν.
454 4034 481 4088 ll.
500 4034 591 4088 Hardt
608 4036 727 4106 Antogr.
744 4037 827 4095 Luth.
846 4038 868 4107 I,
887 4038 968 4105 266.)
