3159 4792
367 499 432 574 Μ
706 505 851 562 trucum
869 505 984 563 liutheri

261 676 269 693 ⁸
368 712 402 756 ro
437 692 502 754 ulla
521 691 609 756 liberi
637 700 670 754 et
689 694 856 758 Christiani
887 694 984 758 videri
1011 694 1169 772 solentes,
1201 711 1293 771 quam

368 784 548 857 contemptu
570 786 601 837 ct
621 777 862 858 reprehensione
882 780 1135 854 ceremoniarum,
1158 775 1294 840 traditio·

369 881 452 937 num,
474 861 577 944 legum
598 861 818 936 humanarum,
840 864 928 942 qussi
949 863 1021 924 ideo
1035 860 1201 932 Christiani
1224 860 1295 936 slnl,

371 945 444 1022 quia
466 946 555 1006 stetis
578 943 686 1006 diebus
705 964 768 1006 non
790 948 945 1022 ieiunant,
966 953 1019 1007 aul
1041 945 1109 1006 aliis
1132 943 1302 1012 ieiunantis

369 1026 426 1088 bus
454 1028 515 1106 ipsi
551 1046 659 1088 carnes
691 1029 872 1121 comedunt,
907 1035 960 1090 aut
994 1029 1135 1110 preculas
1164 1028 1295 1088 usitatas

368 1110 529 1188 omittunt,
565 1130 717 1190 suspenso
740 1132 816 1173 naso
851 1120 1017 1194 praccepta
1046 1111 1204 1173 hominum
1228 1109 1295 1169 illu-

368 1191 492 1267 dentcs,
526 1200 630 1256 cetera
652 1214 727 1256 vero
742 1194 772 1269 ¹)
802 1195 841 1256 ed
871 1195 1074 1258 Christianam
1108 1194 1295 1273 religionem

368 1277 554 1355 pertinentia
572 1296 697 1357 prorsus
709 1278 940 1358 posthabentes.
984 1278 1102 1355 Quibus
1114 1277 1297 1356 pertinacis-

367 1359 445 1420 sime
471 1362 617 1422 resistunt
644 1380 683 1422 ex
711 1362 809 1424 altere
836 1371 922 1442 perte
944 1364 986 1440 ii,
1023 1363 1075 1440 qui
1096 1360 1165 1421 sola
1187 1358 1295 1421 obcer-

368 1444 474 1504 vantia
503 1450 534 1503 et
555 1447 730 1506 reverentia
762 1447 1004 1506 ceremoniarum
1041 1446 1177 1506 nituntur
1216 1442 1295 1502 salvi

367 1523 448 1605 lieri,
480 1528 569 1605 qnasi
589 1527 661 1588 ideo
685 1529 763 1588 solvi
785 1530 863 1602 sint,
886 1531 957 1607 quic
978 1529 1068 1590 stetis
1090 1525 1198 1588 diebus
1221 1526 1296 1585 ieiu-

366 1617 457 1686 nant,
489 1620 543 1672 aut
569 1630 588 1670 a
610 1611 751 1671 carnibus
777 1611 947 1690 abstinent,
980 1618 1034 1672 eut
1062 1617 1162 1670 certes
1183 1625 1296 1688 preces

254 1732 259 1737 -
367 1701 465 1770 orent,
487 1694 639 1754 iactantes
662 1703 830 1774 praecepta
850 1695 1002 1755 ecclesiae
1024 1699 1055 1756 et
1079 1693 1214 1770 Petrum,
1236 1709 1296 1752 noc

366 1776 426 1852 ipsi
440 1775 494 1854 pili
509 1776 658 1837 facientes
669 1796 717 1852 ea,
738 1796 819 1855 quae
835 1780 973 1838 sincerae
987 1784 1058 1838 sunt
1071 1775 1144 1836 fidei
1155 1781 1294 1836 nostrae.

367 1858 496 1935 Utrique
519 1858 688 1938 culpabiles
710 1859 813 1939 plane,
836 1859 921 1940 quod
942 1861 1032 1921 rebue
1055 1859 1205 1939 neglectis
1227 1877 1295 1938 gre·

367 1941 503 2001 rioribus
536 1941 628 2002 etad
652 1942 783 2004 salutem
806 1945 988 2004 necessariis
1015 1963 1108 2023 super
1132 1941 1225 2002 rebus
1248 1941 1296 2017 iis,

366 2022 507 2084 leviculis
529 2031 561 2084 at
581 2044 645 2086 non
674 2027 873 2104 necessariis,
901 2035 992 2088 tanto
1016 2025 1148 2087 tumultu
1169 2023 1296 2085 conflie

366 2111 478 2167 tantur.
1206 2134 1208 2142 ¹

449 2189 573 2264 Quanto
602 2191 715 2252 rectius
736 2192 848 2252 Paulus
872 2192 1033 2273 spostolus
1055 2189 1157 2252 media
1179 2189 1230 2248 via
1253 2189 1296 2248 in·

369 2271 479 2334 cedere
499 2274 607 2352 docet,
640 2281 672 2334 et
690 2280 853 2354 utrumque
875 2276 955 2336 latus
978 2275 1116 2350 damnet,
1137 2271 1296 2347 nicerati:

367 2355 427 2429 Qui
454 2358 636 2436 manducat,
668 2357 776 2440 non2)
801 2359 1037 2420 manducantem
1067 2376 1130 2418 non
1157 2360 1297 2436 spernat,
1401 2415 1402 2426 ,

366 2441 470 2518 etqui
505 2460 566 2500 non
597 2440 778 2518 manducat,
818 2442 1055 2503 manducantem
1085 2458 1148 2500 non
1171 2437 1296 2500 iudicet.

369 2521 464 2582 Vides
486 2523 552 2597 hic,
587 2523 669 2602 quod
691 2525 727 2601 ii,
762 2526 814 2605 qui
851 2526 1041 2586 ceremoniae
1076 2542 1138 2584 non
1169 2522 1296 2600 pietate,

366 2602 424 2664 sed
447 2624 534 2665 mero
556 2613 736 2685 contemptu
756 2609 902 2669 omittunt
923 2616 957 2668 et
980 2609 1169 2687 vituperant,
1194 2623 1296 2683 repre-

367 2685 541 2747 bendantur
553 2688 606 2769 ³),
630 2707 699 2748 cum
724 2691 896 2769 Apostolus
917 2691 1030 2752 doceat
1071 2708 1135 2750 non
1156 2694 1296 2748 contem·

368 2788 455 2847 nere,
479 2772 608 2832 scientis
629 2773 712 2832 enim
733 2773 784 2833 hio
798 2772 830 2848 4)
854 2774 951 2836 inflet.
994 2774 1125 2834 Rursum
1161 2771 1296 2850 pertine

368 2870 420 2913 ces
450 2853 564 2914 alteros
592 2854 703 2931 dooet,
734 2863 768 2916 ut
800 2877 865 2918 non
896 2857 1034 2918 iudicent
1062 2856 1143 2915 illos.
1186 2853 1296 2914 Neutri

367 2937 450 2996 enirn
490 2939 648 2997 caritatem
687 2939 904 3001 aedificantem
936 2941 1068 3000 invicem
1106 2936 1295 2998 custodiunt.
1330 3010 1334 3018 Ι

367 3017 470 3094 Quare
491 3020 541 3080 bic
568 3021 721 3081 audienda
748 3027 797 3082 cst
817 3023 986 3102 Scriptura,
1017 3041 1097 3102 quae
1118 3020 1227 3101 docet,
1264 3025 1298 3078 ut

368 3121 426 3162 nec
448 3102 487 3162 ed
509 3102 666 3179 dextram,
689 3123 748 3164 nec
768 3105 808 3164 ed
831 3108 984 3166 sinistram
1007 3105 1217 3179 declinemus,
1240 3101 1295 3162 sed

367 3203 532 3264 sequamur
545 3187 807 3248 iustitiesDomini
819 3189 957 3262 rectse5)
968 3187 1171 3250 laetificantes
1188 3184 1297 3246 corda.

367 3267 409 3328 Ut
429 3270 509 3328 enim
532 3289 595 3330 non
617 3271 713 3330 iustus
736 3277 785 3331 est
806 3274 976 3352 quisquam,
1000 3272 1071 3350 quia
1093 3263 1240 3350 operibus
1264 3274 1295 3328 et

367 3349 475 3410 ritibus
498 3354 740 3414 ceremoniarum
762 3357 857 3416 servit
878 3365 909 3416 et
931 3354 1070 3415 addictus
1092 3361 1149 3430 eet,
1170 3354 1218 3412 ite
1237 3369 1296 3412 nec

367 3434 464 3494 iustus
487 3454 526 3494 ex
549 3453 587 3496 co
610 3436 785 3496 censebitur
820 3438 905 3515 solo,
939 3436 1021 3517 quod
1053 3435 1108 3496 ille
1128 3435 1245 3497 omittit
1267 3440 1297 3494 ct

255 3551 266 3580 r
370 3519 551 3579 contemnit.

450 3600 520 3662 Non
551 3601 633 3661 enim
663 3601 752 3664 liberi
781 3623 886 3664 sumus
909 3623 964 3684 per
999 3601 1090 3664 fidem
1115 3601 1227 3663 Christi
1259 3599 1297 3660 ab

382 3758 468 3767 ...ο-α.-

424 3814 453 3873 ll
472 3811 502 3864 ln
524 3812 566 3865 ed.
581 3813 661 3867 1521:
683 3829 756 3867 vera.
775 3815 808 3878 2)
833 3817 933 3868 ibidem
955 3814 1181 3875 desineant)
1203 3813 1232 3863 ln
1255 3810 1295 3863 ed.

368 3884 439 4007 tt·
464 3883 546 4016 tlt
558 3885 838 4013 ttfttlffss'lttssff·
875 3889 907 3947 ‘⁰
931 3888 958 3938 '¹¹
991 3887 1032 3940 ⁰⁶·
1067 3887 1136 3984 Ψ
1168 3890 1196 3936 ⁰⁶
1219 3882 1299 3935 ‘¹⁰⁰²

441 4025 472 4088 ‘l
493 4027 573 4081 Rom.
592 4027 636 4083 14.
