3159 4792
508 508 543 567 de
562 517 679 583 susque
697 512 791 584 specle
807 510 989 568 menn.
1154 502 1219 574 409

360 702 409 765 75.
433 698 535 761 Primo
543 699 631 759 ‚enim
653 718 711 761 ceu
733 702 816 761 iures
837 701 965 762 alteram
989 699 1125 780 speciem
1137 699 1215 760 elam

295 782 515 862 surripuerunt
538 782 671 845 ecclesie
692 782 802 845 silente
824 783 873 844 vel
894 786 1068 865 ignorante.

361 868 410 930 76.
432 866 508 928 Post
527 884 595 925 eum
618 885 674 945 per
696 866 865 927 Iohannem
887 866 985 945 fluas,
1005 865 1217 927 fidelissimam

297 948 469 1011 caniculam
493 948 654 1024 ecclesiae,
676 950 706 1009 in
729 950 810 1010 iusto
832 949 1017 1030 deprehensi
1040 947 1219 1010 allatraren-

297 1038 346 1093 tur
367 1038 399 1094 et
417 1032 627 1111 proderentur.
1107 1064 1111 1069 ’

361 1117 411 1178 77.
430 1116 492 1195 ipsi
525 1116 652 1193 lurtum,
685 1115 880 1177 multitudine
912 1126 944 1176 et
971 1117 1111 1196 potentie
1140 1115 1220 1195 freti,

298 1198 461 1261 manifesto
483 1198 646 1260 latrocinio
669 1207 839 1277 coeperunt
865 1200 896 1259 iu
926 1219 983 1260 suo
1012 1199 1145 1259 concilio
1167 1197 1219 1259 de-

296 1280 424 1341 fendere
446 1286 478 1341 et
497 1282 634 1361 rapinem
658 1300 745 1341 suam
765 1282 940 1343 iustificare.

364 1364 412 1428 78.
435 1364 476 1424 Et
495 1362 667 1425 saniculam
689 1364 772 1425 illam
795 1367 950 1426 insontem
981 1371 1013 1425 et
1047 1383 1148 1442 neque
1169 1383 1221 1423 au-

238 1498 241 1505 .
299 1444 393 1507 ditem
432 1466 532 1527 neque
562 1449 735 1509 convictam
767 1467 854 1509 mera
893 1446 1056 1529 tyrannide
1095 1446 1221 1507 damna·

299 1537 409 1591 verunt
430 1538 462 1591 et
483 1529 707 1607 exusserunt1)
732 1532 942 1611 superbissimi
965 1529 1148 1593 homicidae.
1238 1561 1244 1572 1

362 1615 412 1677 79.
435 1614 613 1675 Metuebant
635 1614 732 1685 enim,
757 1615 782 1673 si
805 1614 961 1675 audiretur
982 1620 1015 1673 et
1035 1614 1220 1673 convincen-

300 1694 357 1757 dus
379 1702 463 1757 esset
483 1697 581 1773 Huas,
604 1697 663 1777 ipsi
684 1697 786 1777 palem
815 1699 894 1757 esim
917 1716 973 1758 ceu
994 1696 1101 1757 hostes
1123 1694 1223 1756 eccle·

209 1846 210 1853 χ
299 1780 365 1839 siae
387 1780 605 1842 invenirentur.

361 1863 412 1927 80.
434 1863 548 1943 Rapiat
569 1881 643 1944 crgo
666 1881 749 1942 papa
761 1864 924 1938 ecclesiae,
946 1882 1028 1942 qnae
1043 1863 1112 1942 ipse
1126 1859 1222 1937 dedit,

299 1951 352 2008 eut
374 1945 421 2005 sui
442 1946 515 2007 iuris
537 1952 624 2023 sunt,
657 1964 736 2024 quae
765 1965 840 2006 vero
872 1964 934 2006 nou
964 1945 1062 2024 dedit,
1094 1964 1154 2006 neo
1175 1944 1223 2003 sui

298 2028 374 2089 iuris
397 2035 476 2106 sunt,
498 2048 517 2090 a
537 2030 605 2089 Deo
627 2034 730 2089 autem
754 2029 824 2090 solo
852 2029 971 2090 donata
990 2035 1076 2106 suut,
1107 2030 1224 2088 intaeta

299 2112 390 2180 sinat,
411 2112 460 2173 rel
484 2113 667 2173 sacerrimus
689 2112 888 2172 antichristus
912 2117 990 2172 esto.

361 2194 410 2257 81.
434 2193 514 2255 Satis
542 2200 672 2274 apparet
692 2200 765 2254 ente
796 2195 960 2255 concilium
984 2193 1225 2255 constantiense

298 2277 393 2337 fuisse
414 2278 445 2336 in
468 2278 607 2339 ecclesiis
639 2278 882 2337 controversiam
911 2277 951 2337 de
972 2278 1071 2337 alters
1091 2283 1123 2337 et
1144 2283 1224 2337 utru-

298 2379 360 2439 que
380 2379 495 2439 spaera.

361 2444 411 2507 82.
434 2443 564 2504 Etcum
587 2442 722 2505 eeclesia
743 2462 817 2504 vere
839 2451 963 2525 urgeret
973 2448 1134 2522 utramque
1155 2460 1224 2522 spe·

300 2527 396 2602 mem,
424 2526 542 2587 habeus
573 2545 629 2607 pro
651 2545 685 2587 se
707 2526 819 2587 Christi
847 2528 1087 2604 iustitutionem,
1116 2523 1224 2585 sdver-

300 2610 382 2669 saria
406 2615 508 2671 tamen
531 2609 570 2671 de
591 2608 641 2670 die
662 2610 692 2670 in
716 2608 798 2671 diem
822 2610 955 2690 profecit
975 2616 1008 2671 et
1028 2610 1139 2686 crant,
1169 2608 1223 2669 ha·

275 2691 378 2753 2bons
400 2712 457 2772 pro
477 2712 513 2753 se
534 2692 759 2753 multitudinem
781 2692 951 2754 homiuum.

363 2776 413 2839 88.
435 2774 627 2837 Tum·venit
654 2794 735 2856 papa
755 2778 797 2835 'et
827 2776 1009 2850 concilium,
1038 2774 1097 2834 sibi
1125 2773 1225 2835 multi·

300 2856 437 2918 tudinem
461 2859 662 2921 conciliantes
701 2865 733 2918 et
764 2860 929 2935 maiorem,
960 2855 1224 2917 seddeteriorem

300 2947 419 3022 partem
440 2940 667 3022 approbantes,
690 2940 915 3002 damnaverunt
936 2940 1087 2999 minorem
1110 2946 1141 2999 et
1160 2956 1224 2998 mc·

301 3024 421 3088 liorem.
475 3075 481 3087 „
878 3067 880 3072 -
1201 3080 1208 3089 ,

362 3109 411 3171 84.
434 3107 516 3169 Vicit
535 3108 689 3187 impietas,
711 3114 927 3187 prostrataque
939 3106 1053 3165 veritas
1068 3104 1100 3163 in
1112 3102 1224 3183 plateis

302 3197 360 3269 est,
383 3197 545 3251 corruente
566 3192 647 3250 iusto
672 3208 775 3251 coram
799 3191 906 3270 impio,
928 3187 1123 3249 utSalomon
1139 3184 1224 3247 dicit.

252 3276 256 3289 '
364 3275 414 3338 85.
434 3272 481 3333 Es
502 3279 551 3333 est
572 3274 652 3334 enim
674 3292 778 3353 poena
809 3277 841 3333 et
868 3274 913 3333 ira
933 3272 992 3332 Dei
1020 3289 1113 3351 super
1140 3267 1223 3328 filios

301 3354 501 3417 diffidentiae.

366 3439 415 3504 86.
439 3438 485 3499 lta
507 3439 637 3519 primum
659 3436 733 3499 dolo
756 3438 906 3517 reptantis
929 3437 1040 3498 leuiter
1059 3434 1223 3513 serpentis,

301 3528 375 3601 post
395 3522 511 3601 impetu
534 3527 566 3580 et
591 3522 621 3581 vi
653 3522 798 3583 irruentis
822 3521 923 3582 leonis
951 3528 1081 3599 unaque
1103 3516 1224 3597 species

302 3604 456 3667 ecelesiae
478 3603 625 3683 adempta
646 3610 702 3665 est.

319 3746 322 3753 .
363 3688 413 3750 87.
435 3686 521 3747 Licet
554 3705 629 3767 ergo
657 3687 703 3747 illi
733 3692 887 3764 utcunque
915 3686 1006 3745 venia
1040 3683 1127 3763 digni
1152 3682 1225 3757 siut,

301 3770 660 3914 ffiffitigmmm
682 3769 732 3829 vel
755 3768 926 3849 simplicem
939 3768 1139 3828 omissionem
1154 3784 1224 3855 pec-

376 4049 403 4119 l)
421 4048 452 4103 In
472 4048 515 4103 ad.
536 4046 620 4103 1558:
639 4050 830 4101 excusserunt
