3159 4792
374 509 439 576 334
738 518 946 585 Disputationes
990 567 998 573 .

374 702 580 783 tenbargensi.
624 702 709 783 Lege
727 703 840 765 Lector
867 713 900 765 at
920 702 1080 784 efficieris,
1107 723 1198 767 versa
1219 706 1297 769 lucie
1403 738 1404 807 p

374 786 550 865 catalogum
570 787 733 846 invenies“

373 876 435 929 tres
467 870 660 949 reperiuntur
693 868 940 949 disputationes,
968 888 1068 949 quea,
1111 890 1295 951 numnquam
1403 898 1404 940 4

372 971 393 1011 a
403 951 536 1013 Lutherc
546 953 725 1031 propositae
739 954 953 1033 insigniuntur,
977 955 1125 1014 tamenin
1144 958 1295 1033 posterio-

371 1035 455 1096 ribus
477 1035 718 1115 disputationum
750 1042 782 1096 et
803 1054 931 1116 operum
953 1035 1081 1099 Luthcri
1104 1037 1295 1099 collectioni-

372 1116 428 1179 bus
450 1137 513 1179 non
537 1118 716 1178 redduntur.
759 1119 902 1181 Nosces
929 1121 960 1179 in
991 1119 1130 1199 margine
1158 1120 1211 1181 hic
1232 1120 1295 1182 red·

371 1200 489 1280 dimus,
517 1203 586 1261 sive
603 1207 675 1262 sunt
695 1221 715 1262 a
735 1202 869 1263 Lutinero
898 1204 967 1283 ipso
990 1202 1148 1283 profectae
1169 1204 1238 1265 sive
1258 1204 1294 1265 ab

369 1284 449 1347 aliis.

453 1368 564 1443 Prima,
578 1386 671 1445 quam
683 1367 830 1429 Riederer
842 1371 872 1429 in
884 1368 983 1435 libro:
1001 1367 1230 1447 „Nuclrrichten
1244 1390 1295 1429 nur

370 1449 703 1511 Kirclren-Gelehrtan·
731 1451 793 1511 und
815 1451 1144 1513 Bianor-Geschichte.
1171 1452 1299 1513 Altdors

372 1536 462 1597 1768.
484 1534 574 1595 Tum.
599 1534 639 1593 lV
660 1554 691 1613 p.
715 1537 776 1598 59“
806 1534 1063 1597 aOerolostadio
1086 1537 1292 1615 compositam
1403 1530 1404 1543 ³

370 1636 440 1676 esse
463 1618 644 1696 suspicatur,
665 1616 803 1679 redditur
823 1616 864 1679 ibi
887 1639 918 1698 p.
939 1620 1042 1682 8-10
1064 1618 1111 1677 his
1133 1617 1253 1679 verbis:

450 1699 611 1760 Trcdecim
635 1700 852 1761 conclusiones
884 1701 923 1761 de
945 1701 1056 1761 Christi
1078 1702 1294 1763 incarnatione

368 1789 400 1843 et
421 1783 548 1843 humani
570 1786 693 1863 generis
713 1786 920 1863 reparatione.
942 1784 979 1844 D.
1001 1784 1040 1845 ni
1062 1784 1096 1844 Iu

451 1865 617 1926 Conclusio
641 1870 668 1928 1.
693 1867 874 1946 Unigenitus
902 1866 951 1927 dei
973 1866 1053 1927 lilius
1075 1868 1291 1947 incorporalis,

365 1949 642 2025 incommutabilis,
670 1950 1157 2027 sibimet.consubstantialis‚²et
1179 1958 1291 2011 nature

364 2034 443 2111 patri
466 2039 498 2091 et
519 2033 637 2111 spiritui
669 2038 777 2096 sancto
800 2040 999 2111 coaeternus,
1031 2036 1060 2095 2.
1084 2032 1288 2095 Galemitates

363 2122 485 2174 nostras
507 2134 687 2190 assumens,
717 2116 816 2177 factus
846 2124 893 2177 est
919 2136 975 2198 pro
1006 2116 1095 2177 nobis
1116 2123 1290 2198 peceatum,

273 2266 284 2275 ,
363 2204 398 2257 nt
418 2198 464 2258 de
479 2205 609 2279 peccato
638 2198 861 2260 condemnaret
882 2207 1052 2282 peccatum.
1087 2199 1141 2279 (2)
1167 2199 1209 2262 Et
1231 2220 1289 2261 nos

364 2280 465 2342 effecti
486 2283 619 2361 institia,
641 2301 703 2343 non
726 2302 766 2343 cx
788 2283 858 2363 lege
880 2286 1050 2363 imperata,
1070 2284 1141 2360 quia
1164 2302 1204 2341 ex
1228 2284 1288 2344 deo

364 2384 426 2425 non
446 2368 506 2445 cst,
530 2366 584 2425 sed
599 2365 671 2439 dci,
690 2386 771 2445 quae
791 2386 848 2447 per
868 2366 1049 2428 beneficium
1073 2364 1123 2427 dei
1145 2364 1237 2427 datur
1259 2376 1290 2427 et

362 2454 603 2509 consummatur.
646 2449 687 2509 Ut
708 2468 771 2509 non
795 2451 856 2510 sint
867 2450 1013 2511 terribilia
1035 2456 1066 2509 et
1087 2449 1203 2528 gravia
1227 2451 1282 2511 sed

361 2532 468 2590 suavia
489 2538 521 2591 et
542 2532 624 2591 levia
646 2538 824 2612 praecepta.
846 2536 883 2597 3..
898 2532 1007 2593 Itidem
1031 2532 1128 2593 factus
1152 2538 1199 2591 est
1223 2552 1285 2593 ma·

362 2612 475 2673 dictum
498 2633 554 2692 pro
577 2613 764 2694 maledictis,
795 2618 916 2676 tamelsi
937 2618 1005 2695 ipse
1027 2614 1225 2679 aeternaliter
1246 2618 1287 2678 sit

361 2695 551 2757 benedictus.
594 2696 660 2757 Nec
672 2716 730 2757 nos
748 2698 993 2761 antaaaslvandi
1004 2704 1057 2758 aut
1068 2698 1284 2778 benedicendi,

361 2797 452 2857 qnam
476 2780 612 2840 damnati
634 2787 666 2841 at
687 2782 852 2846 maledicti.
879 2786 908 2845 4.
930 2782 1032 2843 Tanta
1053 2786 1101 2840 est
1122 2800 1197 2861 erga
1220 2801 1284 2844 om

360 2882 416 2923 nes
438 2862 642 2925 hominesdei
656 2864 790 2942 bonitas,
814 2872 846 2926 ut
857 2871 964 2927 nostro
984 2864 1141 2926 velitense
1163 2866 1283 2944 merita,
1403 2856 1404 2927 ἶ

359 2964 439 3024 quae
461 2955 532 3007 sunt
553 2948 648 3028 ipsius
671 2948 761 3009 dona.
788 2947 846 3008 -Et
867 2968 922 3028 pro
945 2948 1008 3027 his,
1033 2964 1112 3027 quae
1134 2948 1202 3027 ipse
1224 2948 1282 3008 lar·-

358 3030 438 3109 gitus
462 3036 524 3108 est,
559 3036 686 3092 aeterna
715 3032 853 3111 praemia
875 3033 914 3093 sit
935 3031 1081 3108 daturus⁷
1102 3048 1169 3097 {sna
1196 3032 1280 3091 enim

358 3112 442 3173 dona
463 3120 592 3174 coronet
613 3114 697 3177 deus.
735 3120 764 3179 5.
786 3114 973 3174 Firmissime
995 3112 1193 3191 credendum,
1215 3114 1280 3175 nnl-

357 3194 419 3254 lnm
442 3196 597 3256 hominem
620 3203 815 3277 accepturum
834 3196 1087 3259 benedictionem
1110 3204 1280 3277 aeternam,

356 3296 447 3357 quern
472 3276 584 3361 (etiam
606 3282 763 3341 nolentem
793 3287 825 3343 ct
846 3277 1127 3362 contradicentem)
1151 3299 1215 3347 non
1237 3280 1279 3343 le·

356 3363 432 3422 cerit
453 3361 529 3423 deus
557 3383 612 3423 vas
634 3363 864 3425 misericordiae
895 3364 1034 3425 bonitate
1051 3381 1114 3425 sua
1132 3365 1278 3443 gratuita.

355 3441 395 3504 lli
416 3452 489 3506 ante
510 3444 615 3505 mnndi
638 3449 900 3521 constitutionem,
919 3449 953 3507 in
976 3446 1177 3526 adoptionem
1200 3446 1278 3509 tilio-

354 3546 420 3587 rum
443 3529 493 3589 dei
513 3530 759 3610 praedestinatus
790 3550 811 3589 a
832 3530 891 3591 deo
927 3532 1054 3609 eiusque
1075 3530 1166 3589 fucrit
1186 3532 1278 3591 nesti·

354 3612 406 3691 gia
434 3621 566 3673 secutus.
608 3616 638 3677 6.
663 3614 907 3674 *Praedeutinatis
946 3612 1100 3693 quoddam
1138 3612 1275 3673 divinum

354 3714 464 3755 munus
493 3702 526 3756 et
546 3696 690 3756 audiendi
718 3704 750 3757 et
776 3696 984 3779 intelligendi,
1019 3715 1079 3775 quo
1119 3695 1158 3756 ad
1181 3694 1274 3757 fldem

353 3785 545 3859 moueantur,
567 3779 664 3839 datur.
706 3780 857 3860 Reprobia
881 3786 982 3841 autem
1006 3798 1068 3840 non
1081 3778 1275 3857 adhibentur,

352 3877 408 3939 per
429 3879 508 3940 quae
534 3863 660 3923 credere
687 3870 835 3943 possent,
867 3862 1017 3925 obdurata
1050 3864 1130 3922 enim
1167 3881 1274 3923 eorum

235 3976 241 3987 s
353 3943 448 4004 corda
468 3947 686 4025 relinquuntur.
708 3952 737 4011 7.
759 3948 909 4011 iustorum
932 3946 995 4025 alii,
1017 3943 1088 4005 dum
1111 3946 1183 4005 iusti
1194 3952 1275 4025 sunt,

352 4044 392 4087 ex
413 4026 502 4087 huius
526 4030 608 4089 vitea
628 4030 788 4110 periculis,
819 4049 859 4090 ne
881 4028 998 4090 malitia
1019 4034 1116 4089 mutet
1136 4028 1275 4103 intellec·
1333 4108 1335 4115 Α
