3159 4792
417 446 421 451 l
513 488 632 556 aalra.
647 490 766 569 arrian
780 492 949 562 &amasia-
1107 488 1187 563 ,aa

283 694 346 739 noo.
364 675 456 757 parri
487 674 687 756 subolerent,
721 678 844 750 mmatai
871 676 1003 749 ‚nullon
1021 676 1187 757 perialitari

283 759 366 830 vellet
383 761 515 840 primus,
533 765 575 835 ιιι,
588 758 656 826 fieri
676 759 765 824 solet
992 759 995 767 ’
1161 823 1163 829 .

352 860 409 921 Hie
440 867 477 922 :tu
491 867 616 921 nonna
643 863 863 942 antesignanus
891 861 1014 921 aristam
1037 860 1187 943 erigebas,

280 940 359 1021 llari,
380 943 552 1006 mrbaturus
571 944 707 1023 eoelmn,
730 954 857 1024 torrem,
894 951 925 1005 et
952 945 1071 1023 omnia,
1093 944 1188 1007 modo

281 1025 376 1087 selvae
404 1034 568 1088 manerent
595 1028 816 1108 indulgentiae.
857 1028 1005 1088 Mittimus
1032 1028 1188 1109 pleraque.

282 1107 332 1170 Ubi
351 1118 475 1172 sennim
496 1117 545 1171 est
564 1112 596 1171 in
616 1130 759 1194 arenam,
775 1112 861 1171 aiunt
881 1111 1018 1191 frigidius
1039 1112 1115 1173 nihil
1135 1130 1188 1173 un-

281 1209 360 1271 quam
381 1200 561 1274 tractatum,
590 1194 830 1276 deploratosque
857 1194 950 1275 plane
970 1194 1187 1277 indulgentias,

277 1276 316 1336 ito
333 1285 365 1337 ιιι
381 1280 409 1338 ai
430 1278 619 1339 rariusoere
636 1278 787 1358 debeant,
817 1279 872 1340 vel
889 1296 990 1339 norae
1011 1280 1188 1360 exoogitan-

277 1356 338 1439 ὡκ,
358 1360 468 1441 quibos
479 1361 552 1421 iliae
563 1361 749 1424 reduoaotur
769 1380 810 1422 ex
825 1362 940 1437 inieris,
962 1362 1188 1427 velsimulaora

279 1450 455 1505 normarum
491 1444 662 1507 honoribus
691 1445 911 1525 prosequenda
951 1446 1021 1509 sint.
1075 1443 1187 1507 Nonne

278 1525 312 1585 ab
339 1526 398 1589 boe
431 1528 616 1589 modestiam
648 1530 742 1604 etiam
770 1536 872 1609 tuam,
903 1528 1050 1609 Magister
1074 1529 1187 1592 Noster

274 1610 387 1691 οηίιὶιι,
406 1612 538 1673 ,ἀοιειοι
556 1612 672 1692 gratias
693 1631 828 1673 ssrmmas
847 1630 943 1693 egere
964 1610 1113 1691 Martino,
1137 1614 1188 1693 qui

276 1694 413 1775 naalia,
436 1702 523 1757 oorte
542 1694 602 1755 imo
622 1696 654 1756 in
675 1714 720 1775 ra,
740 1695 939 1758 eruditiorem
963 1703 995 1755 te
1015 1694 1167 1755 reddidit?

348 1797 390 1857 At
411 1815 477 1858 non
498 1796 570 1857 ideo
589 1796 733 1858 dabimus
754 1809 876 1857 errores
898 1810 917 1856 a
938 1794 1027 1859 nobis
1050 1796 1186 1856 dissemi-

276 1882 366 1959 natos,
387 1880 451 1940 nisi
463 1882 544 1941 enirn
556 1882 624 1939 iam·
639 1880 840 1941 disseminata
853 1879 983 1941 fuissent
994 1878 1187 1963 Lutheriana,

276 1964 424 2040 morando
447 1964 487 2023 ad
507 1977 581 2041 nos,
604 1965 657 2043 qm·
678 1980 718 2024 ex
738 1962 866 2025 indocto
889 1963 984 2045 vulgo
1006 1978 1126 2042 sumna,
1156 1971 1188 2024 et

273 2044 363 2107 altero
377 2052 609 2127 paenemnndo
632 2048 851 2129 intercipietur,
872 2046 1107 2127 pervenissent?
1137 2048 1185 2108 An

274 2144 330 2188 non
348 2130 411 2191 hoe
434 2126 732 2211 ebaloogroplrorom
754 2133 913 2212 negotium
937 2138 1000 2210 est,
1024 2132 1075 2211 qui
1096 2132 1186 2191 simul

274 2218 364 2291 arque·
394 2216 571 2275 reeentiora
609 2216 771 2294 quaepiam
805 2212 1032 2293 subdederint,
1065 2216 1186 2274 veritati

273 2302 494 2369 eonsentanea,
522 2305 554 2358 et
579 2297 769 2378 plausibilia,
797 2304 833 2357 ut
853 2298 970 2358 luorum
991 2297 1121 2377 laniant,
1150 2316 1188 2357 ea
1262 2340 1270 2356 .

273 2380 363 2460 megia
377 2386 587 2461 extorquent,
606 2399 700 2461 quam
723 2381 870 2460 ambiunt,
892 2382 955 2441 imo
979 2382 1077 2462 magis
1099 2381 1187 2440 auni-

273 2464 366 2543 pinnt,
389 2483 483 2545 quens
506 2472 700 2544 extorquent.

346 2566 540 2652 Verom‘tua
558 2570 642 2631 bella
662 2575 702 2631 rie
729 2569 927 2648 delitescant,
957 2570 1024 2649 quis
1054 2561 1187 2651 satagit?

273 2650 376 2716 Nonne
398 2656 453 2715 vix
474 2673 585 2715 exoras
607 2656 698 2715 oertis
726 2652 970 2732 conditionibus,
995 2672 1055 2713 nee
1083 2648 1187 2733 tradis,

274 2734 321 2797 sed
338 2735 507 2801 'obtrudis'i
539 2738 651 2818 ¹Pauoa
677 2745 781 2798 tomen
804 2737 860 2799 sub
882 2732 1025 2811 in‘ortdem
1047 2737 1186 2818 redeunt,

273 2819 324 2880 nisi
341 2821 482 2900 forsitan,
505 2822 538 2881 ut
558 2823 655 2902 magis
678 2821 848 2883 traducere.
877 2819 944 2882 Seia
966 2826 998 2881 to
1020 2840 1102 2881 nuno
1123 2840 1186 2883 sae·
1245 2872 1247 2880 .

272 2901 521 2983 piusLotheran'a
543 2912 574 2966 et
593 2906 685 2965 variis
706 2905 800 2986 prelis
823 2914 946 2985 excusa,
970 2908 1001 2963 et
1021 2904 1121 2965 eredis
1142 2906 1186 2966 in·

272 2985 375 3050 dootoe
388 2988 565 3051 Ganonioos
577 2994 694 3049 tanturn
708 2988 918 3055 molestiarum
928 2986 1063 3047 voluisse
1075 2987 1186 3065 subire,

274 3087 334 3130 oum
348 3078 403 3134 tua
415 3078 520 3133 tamen
535 3074 662 3147 interim
678 3071 761 3153 apud
782 3090 840 3131 nos
861 3088 978 3153 pauooe
1000 3071 1093 3132 etiam
1116 3069 1187 3131 doe

272 3156 315 3215 loe
352 3156 561 3237 fastidiantur,
599 3155 692 3235 etiam
726 3156 765 3216 ab
803 3153 935 3217 indoctis
968 3152 1186 3235 improbentur.

274 3234 476 3301 Veritatemne
498 3246 589 3324 putas
605 3233 672 3301 ¹sub
701 3240 806 3301 modio
829 3258 923 3319 posse
946 3236 1057 3299 eondi?
1099 3236 1187 3317 Rem,

274 3338 345 3401 quae
368 3344 410 3385 ex
431 3322 499 3386 Deo
521 3333 578 3405 est,
599 3323 717 3386 aboleri
737 3343 833 3404 posse
855 3320 975 3385 eredis?

348 3438 392 3498 Αι
411 3437 483 3497 hino
503 3436 565 3496 litis
588 3434 693 3513 origo,
722 3439 755 3492 tu
777 3449 897 3492 errores
919 3448 1028 3513 vocas,
1058 3452 1116 3497 nos
1139 3451 1188 3513 ao·

273 3520 406 3601 plristieis
418 3521 567 3588 haetenus
586 3518 712 3600 argutiis
735 3516 914 3597 persuaderi
935 3536 1000 3580 non
1021 3520 1187 3599 potuimus.

273 3604 349 3667 Solia
369 3608 452 3668 enim
466 3604 593 3672 ,indooti
614 3622 672 3675 nos
693 3602 731 3674 iia
752 3601 837 3663 libris
859 3600 974 3663 addioti
993 3622 1111 3679 sumus,
1135 3604 1186 3681 qui

274 3691 411 3752 aononier'
424 3699 456 3754 et
471 3690 608 3751 omnium
627 3705 785 3750 eonsensu
806 3686 932 3766 reoepti,
953 3686 1067 3767 susque
1088 3684 1187 3765 deque

273 3772 412 3853 bamus,
440 3772 562 3853 siquid
583 3771 667 3835 aliud
690 3769 849 3846 efferatur,
870 3768 953 3849 quod
975 3770 1022 3831 his
1045 3768 1186 3839 adverae-

274 3861 326 3920 ιιι.
356 3856 599 3939 Numisianas,
621 3874 823 3935 quaeeunque
844 3854 1014 3932 proximius
1036 3852 1188 3915 aoaedunt

274 3940 374 4003 saone.
402 3942 536 4002 Omnino
554 3958 613 4001 neo
626 3940 780 4023 angelum,
802 3957 861 3999 neo
883 3936 1059 4017 apostolum
1083 3934 1209 4018 quem?
1274 3932 1276 3940 ’

275 4023 332 4103 ιιι,
362 4024 410 4085 vel
437 4046 454 4102 e
483 4025 573 4097 eoelo
600 4026 793 4102 venientem,
822 4024 848 4083 ai
877 4018 1067 4085 eontradioet
1094 4040 1187 4081 evan·

972 4102 1021 4168 5*
