3159 4792
636 492 801 561 Hieronymi
820 490 938 548 Emaari.
1197 484 1233 549 ll

310 676 383 739 ideo
405 678 453 737 ius
475 676 612 739 divinum
629 677 686 759 (ad
708 677 792 757 quod
813 683 959 756 tanquam
982 675 1021 737 ad
1044 692 1163 736 sacram
1186 692 1238 734 an·

312 780 418 822 coram
451 760 644 905 conlugitnrkp
680 762 833 821 immutari
872 778 1033 821 necessum
1065 764 1122 821 est.
1172 756 1238 817 Neo

312 847 407 905 stiam
439 846 586 923 potestati
642 846 716 922 etri,
750 852 804 905 aut
834 862 1046 905 successorum
1077 842 1140 902 eins
1169 840 1237 919 plus

313 928 463 1002 detrahit,
494 925 622 1011 qu0d1)
653 935 727 1007 post
746 929 925 987 vicesimum
953 945 1065 987 annum
1089 924 1139 984 vel
1162 924 1238 983 citro

315 1012 445 1071 Romam
459 1012 596 1107 primum
627 1011 793 1091 applicuit,
823 1028 912 1089 quam
927 1008 962 1091 ²)
986 1009 1125 1069 felicitati
1146 1006 1238 1067 latro·
1349 1042 1350 1047 κ
1375 1043 1379 1055 r

314 1094 361 1153 nis
383 1094 490 1169 obluit,
514 1094 598 1172 quod
620 1102 693 1173 post
714 1094 921 1174 quadraginta·
934 1093 1057 1153 demum
1079 1090 1145 1151 dies
1168 1108 1236 1149 cum

313 1177 437 1237 Christo
471 1178 502 1236 in
539 1178 660 1238 coslum
693 1176 842 1237 ascendit.
890 1176 988 1237 Lento
1028 1175 1108 1235 enim
1144 1191 1237 1253 passu

312 1260 465 1404 qumanae
496 1280 547 1321 res
580 1260 740 1338 incedunt,
773 1267 806 1320 et
832 1265 866 1319 ut
894 1259 1077 1320 Necterions
1110 1256 1163 1317 ille
1194 1256 1238 1315 eit

341 1343 481 1424 ergilius:
659 1404 664 1407 ,

396 1425 496 1488 Omne
531 1426 613 1505 quod
657 1427 816 1487 excellens
853 1444 932 1505 opus
980 1431 1011 1486 et
1032 1422 1163 1484 sublime
1193 1422 1237 1481 lu-

267 1509 277 1533 '
395 1517 510 1587 turum,

396 1592 546 1654 Difficiles
568 1599 653 1652 ortus
674 1593 768 1654 habet
788 1594 1042 1669 incrementaque
1064 1588 1160 1651 tarda.

313 1675 380 1735 Nec
401 1675 520 1736 abludit
540 1676 625 1736 Maro
648 1678 741 1736 etiam
763 1677 840 1755 ipse,
863 1676 888 1734 si
911 1676 956 1733 sio
977 1674 1111 1753 legatur:

395 1759 513 1819 Tantae
534 1759 625 1819 molis
648 1759 909 1819 eratssomansm
933 1755 1068 1817 condere
1090 1753 1207 1813 sedem.

394 1841 481 1903 Haec
523 1848 627 1901 autem
664 1842 702 1902 de
733 1841 872 1922 praelato
909 1839 1038 1899 duorum
1075 1836 1236 1899 disertissi-

315 1944 435 1985 morum
459 1925 675 2004 theologorum
709 1924 870 2000 conflictu‚
904 1930 1049 2002 quantum
1078 1920 1117 1981 ad
1140 1918 1238 1979 Bohe·

314 2023 382 2067 mos
397 2007 429 2074 ³)
466 2013 536 2068 tuos
559 2015 690 2087 spectat,
712 2008 828 2068 idcirco
853 2007 1030 2067 Paternitati
1053 2011 1124 2066 tuas
1145 2002 1237 2082 signi-

313 2089 437 2150 iiesnda
465 2092 586 2169 putavi,
623 2098 774 2169 quatenus
806 2092 830 2149 si
862 2090 965 2150 aliena
998 2090 1077 2149 sorte
1113 2085 1151 2146 ab
1179 2085 1237 2160 his,

313 2192 391 2233 vase
409 2175 594 2252 iniquitatis,
624 2176 654 2233 in
677 2174 787 2255 vulgus
809 2174 879 2233 istic
907 2172 1075 2253 sparserint
1096 2170 1135 2231 ad
1158 2168 1238 2229 deoi-

313 2256 445 2336 piendos
474 2256 657 2337 simplicium
679 2260 815 2335 enimos³
846 2264 877 2315 lu
900 2257 975 2315 meis
1005 2255 1113 2315 saltem
1138 2250 1239 2311 verbis

315 2339 409 2422 lalsp,
431 2358 526 2412 vana,
556 2346 586 2399 et
607 2338 680 2400 fiete
703 2358 855 2401 essenon
879 2338 1009 2412 dubites,
1033 2356 1163 2415 eosque,
1186 2334 1238 2413 qui

316 2422 418 2481 adhuc
448 2423 479 2481 in
501 2422 623 2483 Christo
651 2431 752 2484 tecum
783 2429 855 2483 sunl
885 2422 1010 2500 fratres,
1047 2421 1078 2479 in
1101 2418 1236 2479 Domino

316 2504 489 2565 confirmes.
532 2506 579 2564 De
605 2506 725 2585 reliqua
755 2525 829 2567 vero
859 2504 1076 2584 disputationis
1108 2519 1237 2577 summa,

316 2590 460 2665 quoniam
484 2595 564 2664 sunt,
587 2590 637 2666 qui
660 2590 720 2648 iam
744 2588 873 2649 diversis
896 2586 1002 2648 studiis
1025 2594 1056 2647 et
1077 2582 1238 2645 affectibus

316 2691 379 2731 rem
403 2671 432 2731 in
455 2670 609 2749 publicum
630 2673 797 2747 emiserint,
819 2674 886 2750 ipse
909 2671 1017 2731 lubens
1032 2667 1237 2748 supersedeo:

317 2763 379 2812 tum
403 2754 484 2833 quod
507 2756 603 2814 nostri
625 2773 687 2815 non
710 2757 750 2815 sit
771 2754 880 2831 officii,
910 2760 971 2814 lum
997 2752 1079 2832 quod
1101 2753 1186 2811 varic
1207 2750 1239 2808 in

317 2836 430 2900 talibus
451 2837 542 2897 rebus
564 2836 676 2898 iudicia
699 2839 886 2899 simultatem
908 2856 945 2899 uo
967 2835 1154 2897 discordiam
1177 2852 1239 2891 me·

316 2921 364 2999 gis
386 2920 529 2992 foveant,
553 2938 645 2999 quam
670 2922 881 3001 exstinguant,
916 2920 946 2979 id
970 2918 1052 2997 quod
1074 2920 1154 2978 inter
1176 2912 1238 2977 Xe

317 3003 507 3081 nophontem
531 3010 561 3063 et
583 3003 761 3082 Platonem,
795 3022 930 3063 summos
959 3002 1073 3079 alioqui
1102 2999 1240 3060 inomni

316 3086 514 3167 philosophia
537 3088 628 3166 viros,
650 3107 705 3147 usu
722 3074 1004 3167 venisss'legimus.
1049 3084 1135 3142 Duae
1158 3082 1239 3140 enim

318 3170 521 3245 eminentiae,
555 3189 624 3230 oum
658 3172 748 3231 simul
769 3172 893 3229 iunctae
921 3166 1238 3240 inoluminum,

317 3252 513 3312 simulacrum
543 3253 696 3332 quoddam
731 3256 782 3328 (ut
804 3252 921 3314 Gellius
943 3252 1004 3327 ait)
1032 3247 1239 3309 contentionis

318 3342 443 3395 mutuae
464 3338 601 3414 pariunt,
624 3356 807 3416 semperque
830 3337 908 3409 fere,
934 3334 984 3394 ubi
1006 3333 1129 3413 ingenia
1147 3349 1238 3409 quoe·

317 3418 390 3478 dam
413 3438 541 3499 magna,
571 3421 654 3479 circa
675 3420 756 3480 idem
786 3418 935 3490 studium,
967 3418 1033 3497 pari
1062 3422 1133 3475 sunt
1159 3414 1241 3473 fama

317 3509 372 3561 aut
393 3504 551 3580 proxima,
579 3503 660 3583 apud
684 3502 823 3563 diversos
845 3503 980 3561 fautores
1003 3498 1125 3559 diversa
1147 3496 1242 3557 oritur
1335 3512 1344 3523 ·

318 3585 360 3644 de
383 3586 426 3644 eis
449 3586 610 3647 sententia.
788 3646 790 3658 ,

404 3667 464 3727 Sed
488 3677 522 3728 nt
542 3667 581 3727 ad
605 3667 762 3728 Bohemos
784 3675 854 3728 tuos
877 3666 986 3727 redeat
1006 3661 1148 3743 epistola,
1171 3679 1239 3743 age,
1272 3685 1276 3692 ·

317 3842 358 3848 ῃ,
367 3841 459 3848 ...,-.
482 3842 490 3846 -
513 3841 687 3850 mm,

284 4004 289 4013 Ι
393 3940 423 3998 1l
444 3940 524 4010 Apud
542 3942 671 3998 Locsclr.:
692 3957 783 4011 quem.
830 3940 861 4002 2)
887 3938 968 3993 ibid:
989 3914 1070 4005 quod,
1111 3911 1242 4003 mmm

317 4012 434 4066 loesch.
453 4013 499 4066 hic
517 4020 545 4067 et
563 4015 629 4069 alibi
649 4016 782 4083 seriptum
802 4012 918 4081 legiturt
936 4011 1066 4063 Boemos.
