3159 4792
538 1408 667 1504 Bulla
695 1408 849 1506 Leonis
878 1407 932 1504 X.

439 1608 559 1677 (tontra
587 1625 717 1676 errores
742 1610 877 1677 Memini
898 1607 1034 1676 Lntbmi

609 1696 644 1760 at
669 1695 863 1777 sequaoirn.
978 1726 986 1776 μ

629 1910 839 1920 ..n-*a*-

354 2025 411 2120 Jo.
434 2055 562 2136 Rosius,
596 2062 759 2137 postquam
793 2075 872 2136 quae
894 2055 1038 2117 voluerat
1060 2055 1200 2136 Disputa-

267 2141 357 2202 tione
380 2138 532 2221 Lipsiensi
555 2159 619 2201 non
642 2147 690 2200 est
710 2147 888 2216 assecutus,
917 2139 1048 2200 Romam
1072 2155 1109 2198 se
1128 2153 1199 2200 oon-

270 2222 360 2303 tulit,
400 2229 433 2283 ut
463 2224 574 2284 summi
596 2220 754 2285 Pontiflois
789 2229 821 2284 et
843 2222 1049 2284 cardinalium
1079 2221 1199 2282 animos
1238 2287 1244 2292 ,

270 2313 384 2369 nonme
403 2305 568 2368 Lntberum
601 2312 813 2368 commoveret
842 2307 969 2385 eiusque
996 2323 1141 2383 oausam,
1174 2305 1200 2364 si

266 2389 562 2472 posset,·sunditus
597 2396 750 2452 everteret
769 2409 808 2450 aa
829 2387 956 2451 deleret.
999 2388 1098 2464 Quem
1119 2385 1202 2448 felioi

269 2491 421 2534 suooessu
443 2472 485 2533 ibi
506 2491 570 2533 rem
593 2487 679 2534 suam
700 2475 841 2554 gesserit,
863 2493 901 2534 ex
919 2471 1052 2566 enistola
1073 2489 1200 2532 eernere

268 2557 357 2635 lieet,
381 2574 472 2635 quam
495 2553 546 2616 die
567 2557 659 2618 tertio
679 2558 794 2616 mensis
807 2557 879 2617 Maii
902 2575 929 2617 a.
954 2557 1034 2621 1520
1056 2573 1095 2616 ex
1116 2553 1200 2617 Urbe

268 2639 357 2701 dedit
379 2643 412 2699 et
432 2656 524 2718 quam
541 2657 610 2721 enm
631 2640 755 2720 glossis,
778 2657 854 2720 quas
867 2639 974 2700 dieunt
996 2637 1200 2700 esseLutheri

270 2719 446 2804 (fleskend.
476 2721 553 2786 Hist.
583 2721 705 2783 Lornl
734 2724 762 2802 S.
785 2727 825 2788 75
848 2744 878 2804 p.
901 2725 970 2788 116.
1000 2721 1089 2783 Lutb.
1117 2719 1198 2802 Opp.

267 2804 453 2870 edwaloh.
475 2804 535 2866 XV
556 2825 586 2886 p.
612 2804 723 2888 1658),
739 2807 908 2867 seeundum
934 2806 1101 2867 editionem
1117 2803 1197 2886 Opp.

268 2889 361 2950 Luth.
384 2888 551 2951 denensem
573 2889 667 2950 modo
690 2907 719 2969 p.
743 2891 803 2954 256
825 2889 1024 2971 repetivimus
1050 2887 1105 2965 (of.
1128 2886 1198 2948 Gie-

267 2974 361 3050 seler‚
383 2971 697 3053 Kirobengesohiehte
716 2972 752 3032 T.
776 2971 828 3052 111,
853 2976 869 3036 1
891 2991 921 3052 p.
943 2972 982 3035 81
1013 2975 1044 3030 et
1065 2971 1105 3034 83
1128 2987 1197 3030 oum

267 3052 384 3132 notis).
427 3055 485 3115 Die
510 3058 559 3119 15.
582 3055 717 3115 miunii
739 3075 767 3119 a.
793 3058 873 3121 1520
888 3053 979 3114 Bulla
991 3052 1103 3114 Leonis
1126 3069 1198 3112 oon·

266 3145 315 3198 tra
336 3137 500 3199 Lutherom
521 3138 641 3200 Romae
672 3138 819 3219 expedita
847 3145 878 3200 et
899 3137 942 3197 10.
966 3135 1061 3198 Ennio
1085 3134 1197 3196 tradita

267 3227 317 3281 est
350 3222 382 3281 in
409 3221 606 3283 Germaniam
643 3221 825 3302 perferenda
865 3221 968 3301 ibique
1000 3216 1196 3301 publicanda.

268 3302 316 3365 Ea
338 3304 429 3365 Bolia
450 3304 535 3386 Papa
564 3323 655 3365 unam
677 3312 709 3366 et
740 3305 944 3386 quadraginta
966 3301 1196 3384 propositiones

267 3387 404 3466 Lntheri,
428 3407 467 3450 ex
490 3387 575 3448 libris
597 3389 663 3449 eius
676 3395 850 3470 excerptas,
858 3387 970 3470 partim
992 3395 1025 3447 ut
1038 3386 1198 3448 manifeste

267 3471 452 3550 haeredem,
473 3473 585 3552 partim
606 3478 641 3532 ut
662 3471 864 3532 seandalosas
880 3477 911 3532 et
932 3471 1109 3532 temerarias
1125 3476 1196 3530 don-

270 3553 440 3634 demnavit,
461 3561 493 3616 et
514 3557 542 3617 ei
565 3556 728 3636 sexaginta
750 3554 816 3616 dies
837 3553 995 3636 praefixit,
1018 3555 1098 3614 intra
1118 3568 1197 3632 quoa

228 3644 232 3655 '
267 3639 518 3700 retractationem
547 3640 577 3699 in
606 3639 705 3699 torma
726 3637 879 3718 probante
901 3637 1031 3698 Romam
1064 3635 1198 3697 mitteret

268 3727 321 3782 aut
348 3723 417 3802 ipse
454 3720 591 3799 afferret,
630 3723 734 3783 literas
767 3721 844 3782 salvi
868 3720 1037 3781 oonduotns
1060 3737 1196 3781 omnem·

268 3823 329 3884 que
359 3806 554 3866 securitatem
577 3805 809 3887 impetraturus:
846 3804 908 3865 hoo
941 3805 966 3864 si
996 3801 1133 3884 negligat
1165 3807 1196 3862 et

268 3889 431 3949 terminum
460 3906 523 3950 non
546 3888 709 3966 observet,
739 3887 1038 3949 excommunicatum
1060 3884 1199 3948 declarat

268 3976 302 4031 et
320 3970 464 4052 prohibet
486 3989 605 4053 omnes,
627 3972 801 4052 quicunqne
824 3976 904 4048 sunt,
927 3969 966 4032 ab
988 3969 1053 4030 eius
1076 3973 1195 4049 protea

267 4054 373 4135 tione,
405 4055 461 4117 sub
490 4070 594 4136 poena
622 4054 797 4117 incurrendi
832 4053 958 4115 easdem
990 4069 1137 4114 censuras
1166 4055 1198 4111 at

912 4133 984 4200 17*
