3159 4792
504 506 541 569 ad
560 507 830 571 condemnationem
850 504 1046 567 doctrinalem.
1155 508 1218 575 189

298 697 357 759 nita
377 698 517 779 reritme,
538 697 762 780 quantumlibet
783 699 968 779 pertinaces,
989 696 1090 757 nullus
1104 695 1218 758 dochi-

299 782 372 843 nalis
394 781 558 845 damnator
579 789 687 844 censet
699 782 881 861 haereticos,
902 781 1093 857 temerarios,
1114 780 1220 856 salsos,

298 883 351 925 nec
370 866 429 945 ipsi
451 866 543 927 simili
565 865 709 945 exemplo
734 870 889 943 metuunt,
924 883 965 925 ne
986 863 1088 940 denuo
1109 864 1218 943 impin-

300 954 369 1029 gant
388 950 420 1009 in
442 947 574 1011 eandem
597 949 768 1009 veritatem.

349 1030 529 1094 Laurentius
539 1030 705 1108 Veliensis,
719 1032 892 1110 primitivae
905 1030 1057 1091 ecclesiae
1074 1029 1162 1109 (meo
1176 1029 1219 1089 iu·

301 1111 393 1195 dicio)
418 1114 472 1175 vel
493 1114 613 1195 reliqua
633 1112 783 1193 scintilla,
804 1112 854 1174 vel
875 1110 1017 1191 novus1)
1039 1112 1149 1190 lomes,
1171 1113 1220 1171 cui

300 1195 511 1279 theologorum
539 1206 570 1259 et
596 1196 777 1278 pontificum
806 1214 870 1256 non
898 1200 955 1262 est,
977 1194 1220 1276 exstinguendus

302 1280 402 1341 visus?
425 1282 479 1361 qui
500 1281 546 1341 vir
567 1279 606 1343 ab
628 1280 665 1340 iis
688 1281 780 1340 etiam
794 1279 970 1340 criminatur
983 1277 1223 1356 indoctissimus,

304 1364 434 1441 quinon
468 1381 532 1424 uno
567 1362 661 1424 modo
689 1363 809 1443 indigni
839 1361 985 1440 fuissent,
1023 1364 1052 1421 ei
1074 1360 1221 1425 matulam

300 1447 463 1527 porrigere,
486 1465 555 1507 cum
565 1447 685 1507 interim
700 1446 921 1525 Chrysopmssi
933 1442 965 1525 ²)
990 1463 1045 1504 seu
1068 1445 1146 1504 vitra
1168 1451 1222 1505 aut

300 1530 395 1609 potius
416 1528 562 1611 glacialia
583 1538 771 1609 nugamenta
790 1528 911 1589 illorum
936 1528 1018 1588 libris
1030 1527 1119 1587 huius
1138 1545 1221 1587 com·

301 1620 402 1693 parata
442 1631 527 1673 mera
553 1630 669 1673 nausea
697 1612 767 1673 sint.
810 1611 853 1670 At
884 1628 966 1671 nunc
992 1609 1173 1670 Laurentius
1194 1611 1220 1670 is

301 1703 363 1775 ast,
390 1704 424 1757 et
446 1693 583 1776 quotidie
605 1694 704 1775 magis
726 1692 770 1772 tlt,
792 1694 841 1753 cui
861 1712 921 1753 nec
941 1693 1048 1772 ltalia,
1078 1710 1136 1753 nee
1158 1694 1221 1753 uoi-

301 1797 386 1840 versa
412 1776 547 1841 ecelesia
574 1778 677 1839 multis
706 1775 819 1837 seculis
846 1775 976 1837 similem
1003 1775 1124 1853 habuit,
1158 1793 1220 1835 non

302 1861 390 1923 modo
426 1862 457 1922 in
492 1861 576 1923 omni
598 1858 829 1947 disciplinarum
857 1878 972 1940 genere
996 1856 1098 1942 (quod
1120 1857 1221 1918 nullus

303 1944 398 2005 adhuc
429 1944 583 2026 praestitit
603 1944 751 2025 Magister
777 1948 884 2003 noster
910 1942 1076 2085 eximiusg,
1103 1939 1158 2003 sed
1191 1948 1224 2001 et

304 2028 476 2089 constantia
498 2026 617 2088 etzelo
640 2025 712 2087 tidei
734 2022 930 2089 Christianae
951 2044 1016 2088 non
1059 2032 1121 2085 ato.
1143 2022 1223 2099 Quid

303 2110 349 2171 hic
368 2111 526 2191 promovit
548 2129 611 2171 non
625 2144 628 2149 ·
640 2106 733 2170 modo
762 2108 975 2169 doctrinalium
999 2107 1223 2184 damnatorum,

303 2192 354 2254 sed
390 2201 423 2255 et
459 2192 703 2253 authenticorum
741 2190 920 2252 authentica
952 2190 1125 2268 damnatio,
1165 2191 1224 2251 nisi

303 2276 382 2355 quod
406 2295 477 2338 sese
498 2276 598 2356 irrisit,
622 2283 653 2335 et
673 2274 755 2335 hunc
777 2276 875 2355 magis
897 2272 1090 2355 glorificavit.

381 2360 458 2421 Post
470 2358 538 2435 hos,
560 2358 714 2420 lohannes
726 2354 887 2429 Reuchlin,
909 2358 940 2416 in
962 2375 1022 2436 quo
1038 2355 1223 2436 deprehensi

303 2449 369 2503 sunt
404 2442 544 2523 theologi
580 2443 714 2522 quinque
736 2438 976 2501 Universitatum
1011 2437 1098 2523 (Deo
1120 2437 1224 2519 dispo·

303 2528 412 2605 nents)
438 2525 510 2605 quid
533 2526 671 2606 sapiant,
701 2523 773 2605 quid
803 2530 944 2603 cernant,
974 2522 1046 2603 quid
1077 2531 1226 2603 quaerant

304 2608 490 2670 doctrinales
512 2607 718 2670 damnatores.
762 2606 829 2667 Nec
854 2607 1017 2668 obscurum
1038 2614 1100 2686 est,
1126 2606 1226 2667 Lova·

303 2694 426 2753 nienses
448 2698 481 2753 et
502 2690 706 2753 colonienses
729 2690 1020 2752 conscientiahuius
1035 2690 1225 2771 ignominiae

305 2778 448 2857 agitatos,
471 2794 565 2855 quam
584 2793 624 2835 ex
645 2773 818 2835 Reuehlino
840 2777 1042 2854 acceperunt,
1063 2793 1147 2835 nova
1168 2773 1226 2833 hac

304 2859 409 2921 tabula
440 2860 472 2919 in
488 2857 621 2919 [luthero
644 2876 791 2937 quaerere
823 2856 1067 2936 redemptionem
1095 2857 1226 2937 gloriae,

306 2949 337 3003 nt
363 2943 416 3023 qui
444 2943 475 3002 in
507 2942 562 3004 illo
584 2941 706 3001 tirernnt
726 2940 924 3001 damnatores
945 2939 1129 3017 anthentici,
1163 2958 1226 2999 non

306 3025 491 3088 doctrinales
514 3030 642 3103 tantum,
664 3030 829 3085 exurentes
851 3025 917 3083 eius
933 3021 1067 3097 libellos,
1090 3038 1173 3080 nnnc
1193 3039 1226 3081 re

306 3110 439 3189 pessime
460 3115 549 3191 gesta
569 3106 708 3169 nonnihil
730 3107 834 3182 fracti,
865 3124 934 3165 cum
958 3122 1016 3165 nec
1039 3102 1226 3165 doctrinales

307 3192 364 3253 nec
385 3190 553 3252 anthentici
575 3191 757 3269 manserint,
792 3188 865 3269 fieta
896 3187 1067 3248 humilitate
1095 3192 1226 3248 tantum·

307 3274 399 3336 modo
423 3274 609 3336 doctrinales
631 3294 664 3333 se
687 3274 847 3350 simulant,
876 3278 1036 3352 sperantes
1063 3291 1098 3331 se
1121 3289 1227 3331 evasu-

307 3377 355 3419 ros
379 3376 504 3438 quoque
526 3357 728 3420 authenticos.
772 3357 900 3417 Faciunt
920 3361 1023 3417 autem
1045 3354 1105 3415 hac
1124 3372 1230 3414 crassa

308 3440 440 3519 vairitia,
464 3448 495 3501 et
515 3440 676 3501 infeliciter
698 3441 867 3501 instaurata
888 3439 1004 3519 gloria,
1026 3446 1060 3497 ut
1081 3437 1228 3516 deinceps

307 3522 425 3583 facilius
448 3525 505 3582 sim
527 3542 724 3601 accessurus,
752 3524 804 3603 pio
828 3520 1020 3603 simplicique
1042 3521 1122 3582 laico
1145 3519 1228 3579 dam-

308 3613 400 3667 nante
432 3614 485 3667 aut
507 3606 673 3686 probante,
702 3624 795 3685 quam
824 3608 975 3667 universis
1003 3604 1113 3665 talibus
1135 3602 1229 3683 Magi·

308 3691 376 3749 stris
399 3690 512 3750 nostris
526 3688 694 3749 Lovanien.
707 3696 739 3749 et
751 3688 924 3766 Colonien,
946 3689 1038 3749 etiam
1055 3687 1144 3767 signo
1166 3686 1230 3747 uni·

310 3772 419 3833 versali
445 3774 477 3833 in
500 3792 591 3833 unum
631 3772 769 3833 collectis
799 3773 1019 3852 personaliter,
1050 3768 1230 3849 simpliciter

374 3992 412 4074 .¹)
432 3988 463 4041 ln
482 3988 524 4042 ed.
543 3988 621 4045 lem:
643 3988 802 4042 nonnullus.
839 3989 872 4052 2)
894 3988 975 4041 lned.
994 3989 1083 4056 orig:
1103 3988 1232 4057 Chryso·

311 4074 391 4127 passi.
