3159 4792
167 3950 169 4033 1

448 502 551 569 Ι101111
569 495 711 555 Antinorni
730 496 881 553 minanam·
892 500 1057 556 Positinnes.
1151 496 1214 565 421

377 686 407 749 8.
435 684 478 745 At
501 683 590 745 dntus
612 682 703 763 olim,
737 690 768 746 et
797 684 886 745 detur
912 693 1062 767 perpetuo
1085 685 1214 767 Spiritus

294 775 430 847 sanstus,
453 775 484 829 et
505 766 706 831 iustificantur
727 768 869 829 homines
893 770 960 830 sine
981 770 1066 850 lege,
1089 790 1145 851 per
1165 790 1215 831 so*

278 852 357 925 ,lum
381 852 575 933 evangelium
600 850 639 911 de
660 850 795 913 Christe.

380 939 410 1000 9.
433 935 516 1016 Ergo
539 935 590 995 lex
603 934 681 999 Mori
703 941 832 997 nonest
853 936 1028 996 necessarie
1050 939 1082 997 ut
1104 935 1216 997 donee·

296 1026 355 1097 tur,
378 1037 478 1098 neque
500 1037 556 1099 pro
579 1018 740 1099 principio,
753 1036 864 1099 -neque
887 1018 1009 1099 medio,
1031 1038 1132 1099 neque
1153 1018 1216 1079 iine

296 1101 534 1163 iustificationis.
956 1127 959 1134 ·
1019 1129 1027 1136 r

360 1189 407 1250 10.
430 1186 528 1246 Maior
550 1190 598 1244 est
619 1190 704 1245 certe
724 1200 764 1244 ex
786 1185 993 1265 experientie‚
1023 1203 1115 1265 quern
1142 1184 1216 1246 effe·

295 1274 366 1329 runt
386 1268 499 1329 Penius
522 1275 552 1328 et
572 1266 741 1328 Barnabas.

361 1354 409 1413 11.
432 1350 516 1411 Idem
538 1349 739 1412 iudicabimus
767 1350 807 1410 de
828 1350 963 1428 minore,
993 1368 1064 1410 nem
1087 1350 1217 1430 Spiritus

300 1441 425 1494 sanetus
447 1433 558 1494 cecidit
578 1433 689 1493 visibili
712 1434 816 1513 speeie
837 1452 931 1512 snper
950 1439 1070 1513 gentes.

363 1519 410 1579 12.
433 1518 472 1577 111
493 1515 566 1595 quid
587 1517 679 1596 igitur
700 1516 823 1595 quidem
846 1518 913 1577 sine
935 1515 1040 1595 verbo,
1062 1517 1121 1577 imo
1145 1535 1216 1577 eon-

297 1606 345 1660 tra
367 1600 493 1661 verbum
516 1600 643 1676 Christi,
667 1602 774 1659 eontra
796 1598 972 1679 exemplum
995 1599 1219 1679 apostolorum,

297 1682 413 1743 faciunt
436 1684 535 1763 legem
559 1683 686 1762 primam
709 1688 843 1761 partem,
879 1681 1053 1762 etquidem
1077 1700 1219 1746 neeessa-

296 1766 372 1826 rinrn
394 1766 435 1825 nd
458 1765 627 1827 doetrinsm
651 1764 898 1826 iustifinetionis?

361 1852 411 1913 13.
440 1848 542 1923 Quare
572 1867 627 1928 pro
658 1848 873 1910 conservanda
906 1849 1038 1929 puritate
1059 1844 1220 1909 doetrinae

299 1931 503 1993 resistendum
526 1938 573 1991 est
594 1933 647 2008 iis,
683 1932 735 2013 qui
766 1932 896 2011 donent,
930 1932 1124 2013 evangelium
1154 1951 1218 1992 non

297 2014 553 2097 praedicendum,
586 2016 645 2074 nisi
673 2016 782 2075 animis
811 2017 896 2095 prius
918 2014 1070 2095 quassatis
1093 2021 1125 2075 et
1147 2033 1219 2075 eon-

297 2099 375 2161 tritis
398 2118 454 2179 per
476 2099 587 2178 legem.

366 2183 414 2245 14.
437 2180 496 2256 Qui
519 2182 600 2241 enim
615 2178 765 2260 effingunt
778 2180 878 2241 verbis
892 2179 1003 2241 Christi
1018 2180 1219 2260 improprium

300 2264 383 2325 hune
405 2283 578 2325 sermonem
613 2269 643 2323 et
665 2262 787 2342 dieunt,
810 2264 940 2344 primum
963 2262 1078 2346 legem,
1108 2257 1225 2324 deinde'

300 2348 495 2429 evangelium
537 2345 711 2407 docendum
745 2364 830 2422 esse,
870 2346 901 2406 hi
946 2352 1017 2405 sunt
1057 2346 1220 2407 verbomm

301 2432 414 2492 Christi
437 2436 647 2505 contortores,
670 2448 733 2491 non
756 2431 837 2489 enim
860 2430 1033 2489 consistunt
1053 2430 1084 2488 in
1107 2429 1220 2509 simpli·

300 2516 393 2577 eitete
415 2514 575 2575 verborum
598 2512 719 2575 christi.

363 2600 412 2661 15.
433 2598 512 2657 Nem
534 2602 568 2656 nt
589 2594 819 2656 consistendum
842 2595 960 2654 eratin
982 2594 1113 2675 simplini
1127 2614 1220 2655 sensu

300 2680 464 2743 verborum
486 2680 623 2740 illorum:
648 2678 715 2739 Hoe
738 2685 785 2737 est
807 2696 920 2756 eorpus
942 2696 1063 2755 meum,
1085 2680 1128 2738 its
1150 2697 1222 2739 nnn·

300 2763 469 2824 sistendum
493 2764 550 2822 erit
573 2761 661 2821 nobis
683 2762 715 2820 in
739 2760 935 2839 simplicitate
962 2760 1083 2820 illorum
1113 2761 1222 2822 verbo·

301 2867 385 2909 rum:
408 2847 462 2923 Ite,
485 2844 660 2925 praedicate
683 2842 890 2923 evangelium,
913 2842 1106 2922 baptizantes
1130 2850 1188 2904 ete.

367 2933 415 2994 16.
436 2929 500 2989 Lex
523 2935 639 2988 tentum
662 2928 762 3007 arguit
783 2931 926 3004 peecata,
959 2925 1134 3003 etquidem
1157 2927 1224 2985 sine

302 3013 416 3094 Spiritu
440 3017 559 3083 saneto,
582 3028 657 3090 ergo
680 3009 780 3089 arguit
801 3007 840 3067 ad
863 3007 1103 3067 damnationem.

367 3098 414 3158 17.
438 3094 523 3174 Opus
547 3099 594 3153 est
616 3100 717 3152 nutem
741 3090 899 3167 doctrine,
924 3108 1004 3169 quse
1026 3108 1140 3170 magns
1163 3089 1225 3149 effi-

302 3180 390 3239 nseia
411 3185 474 3237 ntn
497 3184 614 3237 tentum
638 3176 779 3252 damnat,
802 3173 857 3233 sed
879 3180 911 3233 et
932 3173 1032 3234 snivnt
1053 3173 1158 3253 simui,
1188 3192 1226 3232 ea

302 3268 405 3323 autem
431 3264 477 3320 est
498 3259 703 3341 evangelium,
726 3276 806 3337 quse
828 3257 1014 3317 eoniunntim
1039 3255 1132 3319 doeet
1153 3275 1226 3336 poe·

303 3344 463 3405 nitentiam
486 3351 518 3403 et
538 3342 751 3401 remissionem
776 3348 984 3419 pennatorum.

368 3428 415 3491 18.
444 3426 521 3487 Nem
546 3424 741 3503 evangelium
765 3422 876 3483 Christi
897 3422 991 3483 donet
1010 3422 1085 3481 irem
1109 3420 1167 3479 Dei
1188 3420 1228 3479 de

304 3510 412 3587 enelo,
440 3516 473 3569 et
494 3508 585 3568 simul
608 3508 753 3567 iustitiam
777 3507 853 3585 Dei,
884 3506 972 3569 Rom.
997 3508 1024 3567 1.
1068 3504 1123 3562 Est
1146 3504 1227 3562 enim

304 3592 493 3674 praedicatio
522 3592 750 3671 poenitentiae,
782 3591 948 3649 noninnetn
979 3584 1228 3668 promissionil),

305 3697 397 3757 quam
419 3677 498 3735 ratio
522 3693 584 3734 non
608 3679 693 3733 tenet
714 3672 911 3749 naturaliter,
945 3669 1001 3732 sed
1029 3688 1085 3749 per
1111 3666 1229 3729 revela-

305 3762 421 3822 tionem
442 3756 586 3818 divinam,

334 4047 337 4059 ·
376 4013 409 4078 1)
430 4010 462 4063 in
480 4008 525 4065 ed.
544 4007 629 4065 1558:
651 4007 811 4075 promissio.
