3159 4792
179 478 181 482 ⁵
283 493 284 496 ‘
355 509 418 576 226
679 513 955 570 emanaturam

355 701 500 781 operibns
522 719 586 761 non
607 699 702 761 habat
723 719 820 780 opne,
849 717 909 760 nee
928 700 1002 780 lege
1022 717 1100 780 opna
1121 697 1233 776 habet,
1254 698 1281 757 ai

354 784 425 865 lege
446 804 508 846 non
529 783 624 844 hebet
643 801 731 863 opas,
754 790 838 844 certe
852 783 931 849 liber
950 789 998 843 eat
1018 802 1037 843 a
1058 783 1139 864 lege,
1161 797 1279 842 verum·

354 886 414 946 qne
436 876 498 929 eet:
520 869 603 928 lueto
626 885 689 926 non
712 873 760 926 eat
781 868 832 926 lex
854 867 966 946 posita.
1009 866 1111 946 Atque
1133 865 1212 925 haee
1234 870 1282 924 est

354 951 529 1012 Christiana
549 950 604 1010 iila
625 948 759 1027 libertae,
781 949 860 1010 tides
882 955 997 1028 nostra,
1020 967 1100 1028 qnae
1111 948 1194 1025 feeit
1218 965 1280 1007 non

355 1041 390 1093 nt
409 1035 501 1095 otioei
524 1034 629 1110 simus,
652 1036 706 1093 ant
729 1030 971 1110 melerivamne‚
996 1031 1113 1092 sedne
1136 1033 1280 1110 cuiquam

355 1135 433 1197 opus
455 1119 495 1177 eit
515 1115 586 1196 lege
608 1122 662 1175 ant
682 1115 826 1194 operibns
855 1114 893 1175 ad
915 1116 1062 1176 iustitiam
1086 1124 1118 1176 et
1140 1114 1281 1176 salutem.

437 1199 522 1260 Haeo
544 1200 644 1279 prima
663 1197 736 1259 fidei
759 1201 853 1260 virtue
885 1206 970 1276 esto,
1001 1199 1131 1260 nitorem
1157 1214 1282 1276 quoqne

354 1282 522 1344 rideamne.
564 1281 650 1341 Fidei
672 1283 752 1342 enim
776 1290 808 1342 et
829 1282 889 1342 hoo
906 1279 1041 1342 officium
1056 1288 1121 1357 eat,
1144 1290 1178 1340 ut
1199 1299 1280 1358 eum,

355 1368 402 1426 oui
426 1366 534 1444 eredit,
564 1365 699 1425 omnium
722 1366 861 1444 piissima
883 1372 914 1443 et
936 1383 1055 1425 summa
1078 1364 1162 1425 nolet
1183 1364 1284 1443 opini-

355 1468 425 1527 one,
448 1467 579 1529 nempe,
603 1447 686 1527 quod
708 1467 777 1508 eum
800 1465 941 1508 veraaam
964 1455 996 1508 et
1010 1449 1136 1528 dignum
1159 1447 1283 1522 habeat,

356 1535 404 1593 oui
427 1531 615 1593 eredendum
639 1533 694 1610 ait3
722 1533 926 1610 nequeenim
949 1531 1030 1591 eitun
1050 1537 1099 1592 est
1120 1530 1223 1590 honor
1244 1530 1283 1590 ei·

356 1616 436 1676 milis
459 1617 596 1679 veritatis
619 1620 651 1675 et
670 1616 806 1675 institiae
829 1615 983 1694 opinioni,
1008 1630 1068 1692 qua
1091 1613 1283 1674 honoramus

355 1719 444 1778 eum,
480 1701 528 1760 eni
552 1697 715 1758 eredimus.
758 1696 838 1772 Quid
873 1715 1040 1778 possemne
1072 1693 1206 1758 tribuere
1227 1694 1282 1755 ulii

356 1784 469 1860 maine,
505 1800 595 1861 quarn
620 1782 780 1841 veritatem
810 1787 842 1841 et
870 1782 1017 1840 iustitiam
1052 1787 1087 1840 et
1107 1778 1282 1842 absolutam

270 1871 271 1874 ’
354 1884 479 1945 prorsus
491 1864 684 1925 bonitatem?
705 1863 867 1924 Ediverao
880 1881 1000 1924 summa
1015 1863 1204 1924 oontumeiia
1226 1867 1284 1938 eet,

355 1949 501 2028 opinione
537 1946 690 2007 mendacii
723 1955 755 2006 et
789 1947 958 2025 iniquitatis
973 1963 1169 2026 ·qnemquam
1199 1945 1282 2006 eele-

353 2031 457 2110 brare,
487 2035 540 2090 eut
560 2036 735 2109 suspectum
757 2029 889 2109 habere,
923 2029 1006 2109 qnod
1028 2030 1174 2104 facimus,
1209 2027 1282 2088 dum

352 2133 413 2174 non
435 2114 588 2175 oredimus
611 2116 649 2175 ei.
1020 2148 1033 2158 -ι
1133 2153 1136 2160 ·

439 2198 491 2258 Sia
512 2199 625 2276 anima,
648 2195 719 2256 dum
735 2194 863 2256 firmiter
883 2195 979 2256 eredit
999 2193 1284 2276 promitterem,

351 2299 493 2342 veracem
526 2294 558 2342 et
578 2283 690 2340 inetnm
712 2298 782 2339 eum
804 2279 915 2357 hebet,
943 2297 1003 2358 qun
1029 2278 1178 2360 opinione
1206 2277 1284 2336 nihil

353 2372 458 2444 potest
479 2365 546 2425 Deo
569 2363 774 2444 praestantius
793 2362 935 2423 tribuere.
978 2361 1036 2422 Hie
1058 2375 1193 2422 summus
1219 2360 1284 2418 eul-

352 2458 401 2507 tue
426 2448 482 2508 Dei
504 2454 561 2523 eet,
584 2446 707 2506 dediaae
729 2447 758 2505 ei
777 2446 947 2522 veritatem,
970 2446 1116 2505 iustitiam
1141 2451 1173 2504 et
1195 2443 1282 2522 qnid·

352 2530 425 2609 qnid
447 2529 538 2590 tribui
561 2528 654 2589 debet
675 2530 719 2605 ei,
758 2530 805 2587 oui
829 2528 971 2592 ereditur.
1014 2527 1072 2588 Hio
1093 2533 1233 2608 paratam
1245 2523 1279 2606 1)

352 2631 421 2672 nese
444 2613 572 2692 praebet
592 2613 623 2672 in
647 2629 755 2672 omnes
777 2612 953 2672 voluntates
976 2613 1051 2689 eiua,
1074 2611 1124 2672 hie
1147 2607 1283 2670 sanetifi-

352 2700 404 2754 oat
424 2714 539 2756 nomen
556 2697 632 2773 eiua,
656 2701 686 2754 et
698 2713 802 2754 seeum
826 2696 876 2776 agi
890 2695 1012 2775 patitur,
1034 2695 1113 2754 sient
1134 2693 1284 2774 pleeitum

350 2778 441 2838 faerit
461 2778 540 2839 Deo.
570 2777 650 2853 Quia
670 2779 830 2857 promissio
852 2780 917 2838 eins
940 2777 1120 2855 inhaerent,
1143 2794 1205 2838 non
1226 2775 1283 2835 du-

354 2861 432 2922 bitet
454 2880 524 2921 enm
546 2881 662 2941 verum,
684 2863 807 2940 iustum,
831 2863 1012 2942 eapientem,
1034 2862 1142 2920 omnia
1164 2859 1283 2939 optime

352 2944 512 3021 facturum,
535 2944 769 3024 dispositurum,
794 2951 977 3006 auratarum
1020 2943 1063 3004 At
1083 2961 1189 3005 nonne
1210 2941 1282 3002 talia

353 3029 464 3104 anime,
487 3029 547 3089 hae
567 3027 628 3088 fide
650 3047 715 3106 sun,
737 3047 794 3108 per
812 3029 916 3088 omnia
936 3027 1190 3111 obedientissima
1211 3025 1282 3085 Deo

353 3111 421 3172 eet?
444 3111 533 3186 Quod
558 3129 632 3192 ergo
647 3117 846 3191 praeceptum
862 3118 909 3171 ast
929 3112 1089 3192 reliquum,
1113 3107 1196 3189 quod
1210 3107 1282 3168 talis

353 3194 530 3256 obedientie
556 3213 617 3255 non
640 3195 764 3256 abunde
784 3195 979 3274 impleverit?
1011 3193 1098 3269 Quae
1119 3190 1282 3274 plenitudo

352 3277 482 3357 plenior,
505 3297 595 3357 quam
618 3278 798 3338 omnimoda
820 3277 1012 3339 obedientia?
1044 3278 1087 3337 At
1107 3277 1189 3337 hano
1217 3293 1283 3336 non

353 3379 466 3441 opera,
489 3360 544 3421 aed
567 3359 635 3422 sola
655 3360 733 3421 fides
756 3367 900 3440 praestat.

437 3443 553 3504 Contra
562 3463 641 3523 qnae
657 3444 808 3505 rebellio?
831 3463 910 3523 qnae
929 3445 1081 3523 impietas,
1104 3459 1185 3521 qnae
1207 3458 1281 3503 oon-

355 3527 481 3587 tnmelia
501 3527 560 3586 Dei
581 3529 694 3605 maior,
718 3545 809 3606 quam
833 3547 895 3588 non
920 3527 1046 3588 eredere
1068 3523 1284 3608 promittenti?

354 3609 434 3684 Quid
457 3612 538 3670 enim
562 3610 645 3670 aliud
668 3616 731 3688 eet,
768 3630 858 3690 quam
883 3611 980 3671 Deum
1015 3617 1068 3670 eut
1098 3608 1283 3669 mendaeem

353 3693 472 3771 faeere,
500 3700 553 3753 ant
582 3693 722 3754 dubitare
751 3710 894 3754 veraoem
918 3694 1009 3754 esee?
1040 3693 1101 3753 hoe
1130 3698 1193 3770 eet,
1221 3689 1284 3751 eibi

354 3779 514 3837 veritatem
536 3776 688 3855 tribuere,
710 3777 778 3837 Deo
803 3785 906 3844 autem
928 3777 1123 3838 mendaoinm
1146 3781 1177 3836 et
1197 3774 1284 3834 vani-

356 3863 461 3920 tatem.
505 3860 538 3920 ln
561 3879 622 3941 qua
642 3878 675 3920 re
698 3879 803 3920 nonne
825 3861 924 3921 Deum
947 3866 1055 3942 negat,
1078 3866 1160 3920 etse
1181 3858 1283 3938 ipanm

423 4035 456 4105 1)
475 4036 508 4089 ln
527 4036 570 4092 ed.
591 4038 660 4094 1521
679 4043 706 4090 et
724 4037 797 4092 Jem:
819 4042 959 4107 peratum.
