3159 4792
363 471 424 537 142
622 475 783 544 ,Responsio
805 474 835 529 D.
851 472 887 527 tl.
908 473 1019 527 liutheri

383 701 387 709 ·
445 662 590 739 Primum,
611 669 645 722 ιιι
666 681 685 724 ιι
707 663 836 724 veritate
858 659 1008 739 eorum1)
1033 658 1192 736 exordior,
1220 659 1285 739 ple·

364 751 415 805 cet
436 744 642 807 obediendum
665 762 735 809 esse
758 746 917 806 novissimi
940 745 1063 805 aoncilii
1085 743 1235 819 decretis,
1253 750 1286 801 ιιι

364 828 450 889 laicis
484 848 545 889 une
578 834 694 890 tentum
728 830 848 907 species
881 829 1063 907 porrigatur.
1115 826 1224 886 Placet
1256 832 1287 885 et

362 910 448 989 illud,
483 930 552 971 esse
585 911 715 973 eundem
739 910 892 973 Christum
926 930 988 973 uon
1012 910 1197 991 partialiter,
1231 908 1286 968 sed

362 996 517 1074 integrum
548 994 605 1055 sub
630 995 767 1074 quelibet
786 1014 925 1056 seorsum
958 995 1078 1074 specie,
1111 993 1286 1071 temperis
1397 991 1398 1006 ¹

365 1096 456 1156 quam
480 1077 552 1137 vini.
594 1078 635 1139 Et
655 1097 733 1157 rogo
757 1078 950 1156 obsecroque
973 1096 1082 1138 ornnes
1110 1077 1176 1135 eius
1199 1076 1286 1135 sche-

364 1158 455 1223 dulae
477 1160 625 1241 lectores,
648 1168 681 1221 ut
669 1160 911 1222 tschedulnm
904 1182 936 1220 ιιι
957 1161 1019 1220 hoc
1039 1158 1167 1219 audiant
1186 1166 1219 1219 et
1240 1178 1286 1218 se·
1397 1217 1398 1236 ,

363 1249 503 1321 quantur,
527 1262 582 1323 pro
606 1244 760 1307 servando
784 1245 909 1305 unitatis
932 1242 1065 1339 vinculo,
1088 1262 1168 1322 quse
1190 1242 1286 1322 longe
1397 1253 1398 1326 l

363 1325 591 1405 praeponderat
613 1335 823 1403 sacramento,
858 1345 919 1423 quo
943 1346 1001 1387 ceu
1021 1327 1111 1421 signo
1134 1324 1287 1405 significa

364 1416 420 1471 tur.
464 1407 503 1469 Ει
524 1410 590 1488 quis
621 1415 755 1489 unquam
790 1409 915 1472 aliud
907 1430 940 1470 ιιι
974 1410 1050 1469 meis
1083 1409 1167 1468 libris
1188 1408 1288 1488 legit?
1390 1423 1394 1433 ‘

364 1490 440 1565 Quis
467 1510 600 1571 unquam
624 1493 706 1553 aliud
729 1512 748 1553 e
770 1513 820 1553 me
847 1492 983 1553 audivit?
1005 1491 1159 1571 Numquid
1180 1511 1286 1552 sermo

366 1574 421 1637 ille
442 1593 528 1638 meus
551 1578 736 1643 contrarium
760 1577 873 1637 docet?

447 1658 588 1737 Prodite,
618 1660 674 1719 viri
697 1660 817 1736 eximii,
851 1658 1010 1720 videamus
1031 1660 1215 1739 sapientium
1238 1677 1288 1716 ve-

364 1712 468 1837 strem,
492 1744 667 1803 convincite
690 1742 870 1820 botherum,
894 1741 945 1803 ubi
969 1742 1097 1822 legistis,
1128 1740 1242 1837 quod
1234 1761 1287 1799 rm

364 1825 478 1903 ponitis
441 1825 633 1884 tmihi?
625 1845 656 1885 ιιι
685 1844 775 1903 quem
805 1845 879 1906 ergo
909 1832 1052 1921 portentu
1074 1825 1235 1884 criminum
1258 1831 1288 1883 et

363 1906 621 1986 blasphemiarum
642 1909 830 1988 congeritis?
853 1911 932 1969 An
925 1928 956 1968 ιιι
969 1908 1133 1968 Μιιιιιιιιιιιι
1155 1927 1174 1965 a
1197 1907 1285 1967 vobis

363 2008 417 2067 per
438 1989 539 2049 febres
560 1997 592 2050 et
614 1993 735 2051 somnio
751 1988 906 2052 effictum?
929 1991 1081 2052 Videlicet
1095 1991 1150 2050 viri
1166 2010 1282 2070 pugne-

362 2072 491 2149 oiseimi,
524 2079 555 2133 et
583 2073 641 2133 sibi
668 2075 795 2135 nimium
824 2094 900 2135 sues
922 2076 1039 2135 virtutis
1062 2075 1179 2135 conscii
1204 2075 1286 2133 sicut

363 2172 459 2233 equus
480 2156 511 2214 in
544 2155 661 2219 bellum
687 2157 839 2218 hinniunt.
888 2157 928 2217 lm
964 2158 1016 2217 ubi
1048 2161 1217 2235 nouerat,
1252 2159 1283 2216 in

365 2256 455 2316 quern
476 2246 613 2315 ruerent,
637 2238 756 2320 fingunt
778 2240 996 2302 adversarium.
1049 2240 1182 2301 Adeone
1213 2240 1287 2299 licet

364 2321 462 2399 vobis,
481 2321 681 2401 Schedulsrii,
703 2324 734 2383 in
747 2323 861 2387 somam
876 2325 995 2384 innoxii
1008 2325 1062 2385 viri
1078 2325 1199 2383 ssevire
1223 2330 1286 2383 tam
1397 2341 1398 2392 3

366 2404 593 2485 impudentibus
615 2406 805 2467 mendaciis?

448 2488 498 2564 At,
520 2490 668 2567 inquiunt,
692 2497 723 2550 ιιι
746 2489 858 2569 probes
881 2496 1041 2568 utromque
1064 2487 1289 2567 speciemdcri,

366 2569 448 2649 quod
471 2582 532 2635 est
540 2571 756 2633 scandolosum
774 2581 806 2635 et
821 2573 1059 2633 schismaticum.
1081 2571 1289 2652 Respondeo:

367 2652 496 2713 Probevi
519 2674 603 2731 sane,
626 2654 681 2715 sed
704 2658 758 2733 sic,
781 2665 815 2717 ut
837 2674 899 2716 non
921 2654 1018 2733 lieret,
1041 2656 1099 2714 nisi
1123 2654 1290 2714 mandente
1397 2667 1398 2710 1

367 2735 489 2796 concilii
507 2738 665 2879 generalis
695 2740 869 2799 autoritate.
922 2737 1013 2812 Quod
1042 2744 1104 2798 ts‘m
1133 2738 1217 2797 olere
1239 2756 1289 2796 ex
1397 2749 1398 2756 ¹

367 2820 541 2899 pressi,ut
562 2822 629 2901 ipsc
651 2828 683 2882 et
703 2822 820 2883 invidie
847 2828 958 2882 coacte
978 2823 1018 2882 sit
1039 2840 1108 2881 mes
1131 2821 1228 2880 verbe
1252 2819 1290 2879 de
1397 2831 1398 2844 ¹

368 2902 501 2966 concilio
525 2904 665 2965 eodem
658 2925 803 2966 insermere
847 2904 943 2966 Estne
965 2922 1040 2984 ergo
1062 2903 1146 2984 epod
1167 2911 1213 2981 te,
1246 2904 1289 2963 in·

367 2984 450 3053 vidis
471 2986 620 3049 hebeset
608 2988 780 3066 tindoote,
814 2988 1044 3049 schismaticum
1074 2995 1105 3047 et
1127 2986 1291 3047 scandolo·

368 3088 446 3148 sum,
469 3070 551 3148 quod
566 3072 729 3135 concilium
748 3078 809 3133 stet
810 3073 856 3133 uit
877 3077 930 3131 out
951 3077 1065 3131 statuet
1086 3077 1139 3130 sut
1153 3076 1289 3130 statuere

370 3152 496 3231 potest?
540 3154 600 3215 Gur
632 3174 706 3235 ergo
737 3162 820 3215 tuum
855 3154 1019 3215 concilium
1054 3171 1117 3213 non
1151 3153 1291 3233 appelles

369 3234 596 3297 schismaticum
619 3244 650 3297 et
671 3237 908 3298 scendelosum?
935 3235 996 3298 Sed
1005 3237 1165 3315 ,inquies,
1187 3256 1290 3296 meum

372 3317 570 3379 concilium
562 3338 624 3381 rem
651 3326 817 3400 statutum,
848 3327 933 3392 tuum
962 3319 1101 3381 nondum
1136 3325 1292 3380 statutum
1397 3345 1398 3378 l

370 3400 471 3544 tiluidd
488 3401 600 3463 audio?
645 3402 706 3465 Sed
743 3423 812 3465 cum
852 3404 963 3464 crassis
1009 3402 1144 3465 cerebris
1185 3424 1291 3465 cresse
1397 3443 1398 3446 =

369 3502 449 3565 egen
473 3504 532 3547 um.
1397 3503 1398 3516 ¹

453 3566 586 3648 Quaero,
609 3588 649 3629 nn
671 3569 761 3648 illud,
785 3570 869 3651 qnod
890 3570 1021 3630 futurum
1044 3571 1209 3632 concilium
1232 3581 1290 3634 ste·

373 3657 460 3712 tuere
498 3657 617 3732 potest,
650 3653 689 3712 sit
726 3654 952 3715 schismaticum
992 3659 1024 3712 et
1054 3654 1292 3716 seandalosum?
1397 3657 1398 3668 ’

373 3733 453 3813 Non,
475 3736 605 3814 inquies.
648 3733 750 3809 Quid?
779 3737 865 3815 loqui
894 3744 947 3795 eut
975 3735 1110 3798 scribere
1132 3738 1170 3798 de
1192 3740 1290 3800 istius·
1397 3811 1398 3818 ἵ

368 3898 761 3913 m—

376 3964 379 3969 ¹
441 3990 471 4055 1)
490 3992 519 4042 ln
538 3993 580 4046 ed.
599 3992 663 4048 Jen.
684 3992 777 4049 deest:
808 4008 916 4073 eorum.
