3159 4792
281 519 286 527 ·
378 497 443 564 260
701 501 780 554 Bulla
799 503 897 555 Leonis
917 502 950 558 Χ.

344 675 348 678 ’
380 684 540 746 amittendi
563 704 671 746 omnes
692 684 866 746 functiones
890 692 921 746 ct
938 684 1116 767 dignitates,
1138 683 1234 746 libros
1258 701 1309 743 au-

380 776 443 828 tem
464 767 587 828 Lutheri
610 775 717 829 censet
732 788 802 829 esse
820 768 944 850 publice
966 776 998 830 et
1011 768 1205 830 sollemniter
1227 784 1309 826 com·

379 850 533 913 burendos
565 852 621 928 (cf.
644 851 795 913 Seokend.
818 851 931 914 Histor.
950 851 1073 914 Luther.
1096 853 1129 930 l,
1151 851 1233 914 Soet.
1257 849 1310 912 29.

379 954 410 1014 p·
436 937 573 1078 1ldddius
604 1017 687 1077 hano
720 1017 840 1077 Bullam
880 1015 1013 1077 afferens
1050 1018 1081 1076 in
1109 1015 1307 1077 Germaniam

380 1107 513 1160 exeunte
528 1119 649 1160 mense
670 1099 843 1180 Septembri
865 1102 937 1161 anni
962 1100 1042 1164 1520
1064 1100 1205 1180 pervenit
1227 1117 1309 1159 eam·

379 1201 439 1262 que
474 1181 630 1262 publicare
659 1184 762 1243 atatim
790 1184 907 1263 incepit
940 1182 997 1266 (cl.
1020 1181 1107 1243 Eooii
1136 1181 1234 1262 Epist.
1269 1181 1308 1242 ad

378 1263 547 1326 Rectorem
580 1265 670 1326 Univ.
700 1265 916 1346 Wittemberg.
954 1268 981 1331 3.
1012 1264 1079 1327 Oct.
1111 1266 1247 1342 missam,
1279 1271 1310 1326 et

378 1347 510 1428 Philippi
547 1348 695 1428 Episcopi
736 1349 939 1430 Frisingensis
977 1354 1009 1409 et
1042 1346 1309 1409 Administratoris
1397 1421 1398 1424 Ἴ

378 1429 620 1512 Numburgeneis
633 1431 872 1512 publicationem
886 1429 1003 1510 Bullae‚
1025 1430 1149 1494 inferius
1172 1449 1213 1492 cx
1234 1431 1308 1495 edit.

382 1513 451 1574 den.
474 1513 554 1595 Opp.
576 1514 662 1575 Loth.
692 1513 877 1598 repetitas);
908 1514 991 1594 quod
1019 1520 1122 1576 tamen
1156 1533 1308 1594 quosue

380 1616 470 1657 cessu
484 1598 654 1678 perfecerit,
677 1617 803 1659 cernere
818 1599 891 1659 licet
912 1617 952 1658 ex
965 1595 1176 1659 Beckendorlli
1189 1596 1306 1660 Histor.
1397 1601 1398 1674 l

381 1679 605 1742 Lutheranismi
627 1680 691 1743 Lib.
715 1682 727 1741 l
749 1681 832 1743 aem.
855 1685 905 1747 30.
929 1686 956 1754 S·
979 1683 1019 1745 75
1044 1680 1134 1760 (coll.
1155 1679 1310 1759 Gieselcr,

380 1763 619 1845 Kirchengesch.
641 1764 675 1825 T.
698 1765 753 1843 ΙΙΙ,
778 1771 793 1827 1
819 1786 849 1844 p.
872 1763 943 1838 84).
988 1763 1109 1825 Ulricus
1130 1763 1169 1824 dc
1190 1762 1308 1825 Hutten

380 1865 476 1926 eques
509 1847 589 1907 hanc
619 1847 737 1907 Bullam
760 1848 874 1909 Leonis
906 1846 963 1908 sub
995 1843 1087 1909 finem
1118 1846 1199 1907 illius
1234 1850 1308 1908 anni

378 1931 460 2010 typis
483 1930 641 2010 evulgavit
661 1929 804 2010 prologo,
828 1931 909 1991 notis
927 1929 1156 2011 marginalibus,
1179 1931 1307 2011 epilogo

379 2011 501 2076 additis.
516 2011 605 2094 'Libri
627 2013 716 2072 huius
739 2014 843 2074 titulus
866 2015 910 2074 sic
933 2020 999 2074 erat
1014 2014 1178 2094 inscriptus
1201 2022 1232 2076 et
1255 2015 1308 2076 ad-

379 2102 520 2155 ornatus:

786 2230 902 2293 Bulla

418 2313 569 2373 Decimi
591 2313 733 2375 Leonis
756 2321 895 2375 contra
918 2337 1073 2379 errores
1095 2319 1265 2379 Martini

518 2412 520 2415 ·
598 2396 757 2458 Lutberi
779 2405 817 2459 et
840 2403 1089 2480 sequacium.

458 2513 542 2573 Infra
563 2514 653 2574 bane
665 2516 898 2595 inscriptionem
916 2517 1025 2580 Bulloc
1047 2520 1168 2599 insigne
1191 2519 1308 2599 Papale

377 2596 461 2675 ligno
485 2597 615 2656 incisum
640 2599 774 2659 cernitur
796 2620 991 2680 expressum,
1021 2602 1103 2664 circa
1124 2601 1207 2682 quod
1229 2601 1309 2664 haec

377 2677 471 2738 verba
487 2686 563 2739 sunt
585 2681 714 2760 scripta:

501 2762 606 2822 Astitit
626 2762 714 2824 Bulla
737 2784 757 2824 a
778 2764 894 2827 dextris
916 2769 992 2847 eiua,
1014 2770 1046 2829 in
1068 2770 1180 2830 vestitu

522 2844 680 2924 deaurato,
704 2848 932 2926 circumamicta
953 2853 1162 2932 varietatibum

376 2934 408 2988 ct
427 2928 506 2988 inira
524 2931 645 3010 insigne
666 2930 744 2992 haec
764 2933 924 3013 leguntur:

438 3011 518 3073 Vide
539 3012 653 3092 lector,
677 3033 790 3093 operae
813 3017 944 3096 pretium
966 3024 1022 3079 est.
1067 3016 1241 3080 Adficieris.

542 3095 723 3177 Cognosces
747 3099 845 3178 qualis
869 3106 975 3180 pastor
1004 3102 1043 3161 sit
1063 3100 1136 3165 Leo.

458 3176 527 3253 Quo
550 3179 622 3240 loco
646 3187 677 3240 et
698 3200 780 3244 anno
798 3182 952 3244 'hioliber
974 3185 1142 3264 impressus
1165 3186 1222 3264 sit,
1245 3205 1304 3246 nec

375 3261 406 3319 in
431 3261 508 3320 tituli
531 3264 647 3343 pagina
669 3282 728 3323 uec
748 3266 779 3324 in
802 3263 863 3326 tine
886 3266 953 3328 libri
975 3267 1136 3332 indicatur.

456 3343 490 3402 ln
515 3345 591 3404 tituli
613 3347 728 3427 pagina
750 3367 859 3408 aversa
872 3349 999 3411 Hutteni
1010 3349 1147 3412 redditur
1169 3352 1305 3433 epistola

375 3425 414 3487 ad
437 3425 610 3488 Germanos
634 3448 741 3490 omnes
763 3430 852 3514 dato,
888 3439 919 3494 et
941 3436 971 3494 in
993 3435 1107 3515 pagine
1129 3454 1240 3496 aversa
1263 3436 1304 3496 ul·

376 3511 439 3570 timi
463 3509 527 3570 folii
562 3509 685 3591 legitur:
722 3513 938 3594 Dirumpamus
975 3517 1097 3578 vincula
1131 3537 1238 3579 eorum
1275 3524 1306 3579 et

375 3593 573 3672 proiiciamus
595 3615 615 3654 a
636 3595 726 3655 nobis
748 3598 853 3678 iugum
876 3600 1021 3680 ipsorum.

457 3675 522 3737 Nos
554 3677 642 3738 huius
665 3679 773 3739 Bullae
803 3688 919 3762 textum
949 3702 1016 3743 eum
1040 3683 1153 3764 glossis
1175 3681 1304 3746 Hutteni

373 3755 561 3821 reddidimus
588 3762 755 3822 secundum
778 3765 937 3845 exemplar
965 3766 1109 3827 editionis
1132 3764 1304 3847 originalis,

373 3841 457 3920 quod
466 3843 585 3904 Ulricus
597 3844 636 3905 de
646 3844 760 3905 Hutten
773 3847 1072 3928 ipseChristophoro
1087 3847 1126 3910 de
1141 3847 1303 3912 Schcurlio

373 3924 456 3984 misit
467 3945 522 3986 aua
530 3926 807 3990 mannadscribens
814 3932 953 4012 „Doctor
960 3931 1304 4014 ChristoffSohewerl“,

374 4012 406 4066 et
427 4010 611 4094 contulimus
634 4011 715 4074 hano
735 4014 903 4078 editionem
924 4035 993 4076 cum
1015 4016 1152 4080 editione
1173 4017 1302 4080 lenensi
