3159 4792
343 524 408 591 102
562 525 673 579 Tassat.-
692 522 807 578 Cosam.-
825 524 858 577 t),
875 523 909 575 Ι.
927 520 1042 575 Lusum

349 712 496 774 ineundis
512 711 652 772 Obsistus
675 710 788 771 ondens
810 728 867 790 pro
890 706 981 768 nobb
1002 713 1036 767 et
1055 712 1195 767 mortuus
1214 712 1272 781 ast,

347 804 378 858 et
393 794 433 857 sd
449 794 561 855 inferos
581 793 751 870 deseendit,
774 792 864 853 nobis
886 790 1064 870 exemplum
1084 790 1270 868 relinquens,

348 886 382 940 ut
404 887 436 940 et
457 897 514 939 nos
537 898 593 959 pro
615 878 745 938 oliorum
770 876 858 937 malis
878 878 924 941 its
944 876 1039 934 simus
1059 874 1195 952 solliciti,
1216 890 1270 932 no·

347 970 478 1024 strorum
506 963 626 1042 ponitus
648 960 746 1038 obliti,
767 961 831 1020 imo
854 965 1032 1020 nostrorum
1051 956 1165 1039 mpidi.
1246 986 1249 993 ·

348 1161 474 1243 Caput
497 1158 548 1223 Vl.
572 1160 616 1221 ds
638 1164 801 1241 speotro
833 1165 964 1234 sexto,
995 1154 1095 1237 quod
1118 1162 1177 1217 est
1199 1176 1271 1217 ma-

485 1245 559 1305 lum
581 1243 760 1305 dextrum
783 1263 847 1303 seu
870 1241 914 1303 ad
939 1238 1125 1301 dextram.

411 1380 439 1441 A
462 1379 578 1441 dextris
602 1385 673 1439 sunt
694 1379 786 1447 emisi
803 1378 912 1454 nostri,
932 1378 962 1436 in
976 1374 1007 1453 ¹)
1032 1395 1163 1457 qnorum
1184 1376 1273 1435 malis

348 1470 487 1524 nostrum
529 1462 641 1523 malum
682 1462 813 1543 mitigari
852 1462 944 1521 otiam
979 1459 1010 1520 S.
1040 1460 1146 1520 Petrus
1181 1458 1273 1520 dooet

351 1552 378 1610 1.
401 1548 466 1607 Pet.
490 1551 524 1611 5:
554 1546 700 1606 Resistite
722 1542 846 1605 disbolo
869 1545 964 1605 fortas
988 1545 1019 1603 in
1035 1543 1117 1619 fide,
1139 1543 1273 1603 solentes

351 1630 478 1691 eusdem
502 1631 662 1709 passiones
686 1630 730 1705 ei,
751 1646 833 1707 quae
852 1628 884 1687 in
907 1626 1107 1703 mnndoosi,
1135 1626 1273 1686 irsterni-

352 1715 405 1774 tati
436 1720 557 1776 vestrae
586 1710 662 1772 lieri.
705 1710 752 1772 lta
773 1719 806 1771 et
826 1711 959 1771 eoolssis
980 1716 1049 1771 orat
1067 1711 1098 1769 iu
1121 1710 1274 1792 precibus,

352 1803 386 1856 ut
398 1794 551 1876 exemplis
567 1794 749 1856 Sauotoium
772 1795 933 1874 prosoeati
955 1794 1099 1854 virtutem
1119 1792 1274 1874 passionis

352 1897 457 1940 eorum
486 1878 655 1955 imitemur,
684 1883 866 1955 osntstque,
893 1895 1002 1937 omnes
1024 1875 1128 1937 Sonoti
1158 1882 1274 1955 qusnta

353 1962 438 2041 passi
460 1967 530 2020 sunt
552 1967 720 2035 tormento,
749 1968 782 2019 ut
810 1961 909 2023 ssouri
933 1960 1129 2040 pervenerint
1149 1958 1189 2019 sd
1210 1957 1274 2038 psl·

298 2112 302 2118 ¹
352 2044 601 2123 mam'martyrii.

433 2125 482 2185 Ex
499 2125 608 2205 quibus
630 2124 732 2186 verbis
755 2132 787 2186 et
808 2126 935 2186 sentius
958 2124 1110 2187 ecelesiae
1132 2124 1274 2204 intelligi·

297 2216 304 2225 “
354 2229 436 2287 mus,
460 2209 643 2270 Senatorum
666 2209 759 2286 sesto,
790 2210 966 2281 memorias,
995 2209 1126 2290 templa,
1154 2208 1275 2285 altaria,

352 2293 490 2369 nomina,
511 2292 673 2373 imagines,
694 2290 765 2352 ideo
789 2292 937 2356 celebrati
961 2300 993 2353 et
1014 2292 1219 2373 multiplicari,
1242 2297 1277 2351 ut

354 2395 459 2437 eorum
499 2376 642 2455 exemplo
676 2377 847 2436 animemur
877 2375 915 2436 ad
949 2374 1132 2475 peries-enda
1165 2368 1275 2435 eodem
1300 2434 1305 2443 s

321 2458 443 2536 ‚malm
466 2478 546 2537 quae
566 2460 626 2539 ipsi
647 2460 791 2519 tulerunt.
822 2457 890 2533 Qus
906 2466 1027 2520 mouns
1043 2458 1102 2518 nisi
1124 2456 1275 2534 solantur,

353 2542 557 2602 omnisnslius
587 2540 685 2601 uultus
714 2559 820 2602 eorum
849 2544 1067 2621 superstitione
1088 2558 1151 2603 non
1176 2548 1275 2617 vacet,

353 2630 489 2704 oportet,
520 2632 553 2685 ut
579 2631 650 2683 sunt
678 2623 778 2699 multi,
807 2626 859 2704 qni
881 2625 1039 2687 eelebrent
1059 2626 1140 2685 liaeo
1159 2625 1274 2700 omnis,

354 2726 392 2767 ne
421 2706 549 2785 malum,
581 2706 665 2785 quod
687 2707 791 2768 Sancti
820 2707 964 2789 exemplo
997 2716 1028 2769 et
1056 2708 1205 2769 memoria
1228 2708 1275 2767 sui

353 2789 511 2850 terendum
543 2788 671 2859 meent,
704 2791 818 2868 lerant,
852 2790 989 2871 ilautqus
1023 2790 1188 2851 dissimiles
1219 2791 1276 2869 eis,

354 2892 483 2951 quorum
505 2873 585 2933 festa
606 2872 731 2948 habent,
753 2877 787 2935 ui
806 2874 923 2935 similes
945 2873 1064 2938 flerent.

366 2998 369 3005 ·
434 2956 549 3016 Verum
571 2957 665 3037 longe
686 2958 823 3017 omnium
848 2957 1051 3037 pluohemime
1068 2957 1151 3017 huno
1171 2954 1275 3017 looum

352 3039 575 3102 consolationis
603 3047 715 3100 trsotat
748 3038 910 3121 apostolus
938 3041 1049 3101 Ebsae.
1073 3043 1121 3104 12.
1151 3038 1271 3100 disens:

351 3122 494 3183 Nondum
528 3121 685 3202 usquead
719 3125 899 3205 sanguinem
921 3125 1092 3200 restitistis,
1125 3120 1277 3183 adversus

352 3208 514 3286 peecatum
539 3214 762 3286 repugnantes,
786 3213 817 3267 et
839 3206 924 3268 obliti
947 3209 1021 3269 estis
1042 3206 1277 3282 oonsolstionis,

352 3307 432 3367 quae
454 3288 544 3348 vobis
567 3296 714 3367 tanquam
737 3289 809 3350 filiis
830 3290 978 3374 loquitur,
1001 3290 1122 3353 disens:
1145 3289 1201 3350 Fili
1225 3290 1278 3367 mi,

353 3371 416 3433 noli
440 3370 597 3451 negligens
618 3371 811 3453 disciplinam
835 3374 977 3450 Domini,
1007 3392 1110 3455 neque
1128 3374 1277 3453 fatigeris,

351 3454 422 3514 dum
445 3452 484 3513 ab
516 3467 554 3514 eo
577 3456 723 3535 argueris.
768 3456 867 3531 Quem
890 3458 971 3517 enim
994 3456 1094 3538 diligit
1115 3456 1277 3527 Dominus,

351 3538 490 3617 uestigat,
513 3536 651 3618 flagellat
671 3546 773 3598 sutem
788 3555 912 3599 omnem
926 3538 1034 3616 filium,
1055 3558 1147 3620 quem
1158 3540 1277 3619 resipit,

351 3622 383 3679 in
412 3620 575 3699 discipline
603 3627 816 3700 perseverate,
850 3628 996 3703 tanquam
1023 3622 1097 3684 filiis
1124 3622 1225 3683 vobis·
1243 3637 1279 3683 se

352 3702 442 3763 offert
463 3704 556 3765 Deus.
600 3704 675 3778 Quis
705 3704 786 3764 enim
809 3702 1030 3786 lilius,·quem
1057 3726 1120 3768 non
1151 3705 1280 3785 oonipit

351 3786 460 3866 poter?
501 3786 591 3861 Quod
615 3788 641 3847 si
664 3794 751 3847 extra
772 3786 967 3869 disoiplinsm
990 3790 1081 3869 estis,
1102 3790 1189 3850 onius
1211 3807 1279 3871 psr·

351 3869 552 3948 tioipes·iasti
576 3878 650 3930 sunt
672 3888 799 3947 omnes,
833 3890 909 3953 ergo
931 3870 1063 3935 adulteri
1084 3880 1116 3934 et
1137 3889 1201 3935 non
1223 3869 1278 3933 fllii

361 3991 570 3999 ἡ*

424 4036 456 4105 1)
476 4038 508 4091 ln
529 4038 571 4094 ed.
591 4040 653 4096 Jen.
672 4040 766 4097 deest:
784 4042 827 4097 lu·
867 4088 871 4094 .
