3159 4792
343 497 406 564 314
532 502 600 553 Acta
619 497 703 552 Acad.
723 497 825 550 Mean.
844 501 942 550 contra
959 494 993 547 ll.
1013 492 1095 547 Luth.

346 688 509 751 adulantur
531 687 683 768 Pontifici,
705 706 835 767 qnorum
858 687 973 768 primus
995 686 1053 746 luit
1075 684 1165 746 Oard.
1188 686 1274 747 Oaie·

346 782 457 848 tanus,
487 782 519 831 et
539 771 698 853 sylvester
718 772 867 849 Prierias,
897 772 1004 831 tertius
1026 768 1163 830 Thomas
1187 769 1277 831 'Fodi-

348 875 428 932 sens,
446 862 570 933 quartus
587 856 776 936 Augustinus
797 856 940 915 Minorita
953 852 1086 933 qnidam.
1131 852 1211 914 Nam
1222 854 1277 914 Lo-

241 981 247 998 „
348 940 514 1000 vanienses
540 940 588 1006 (ni
603 939 710 1003 fallorl
737 958 800 999 non
825 937 917 998 edent
938 956 1009 997 suas
1033 938 1150 997 nenias.
1195 936 1278 997 Chri·

349 1028 415 1083 stus
437 1041 500 1081 non
515 1021 699 1103 dedignatus
720 1028 767 1083 est
788 1022 902 1082 docere
915 1021 963 1081 vel
985 1018 1120 1079 infimam
1143 1019 1278 1099 plebem,

348 1106 400 1166 isti
422 1124 484 1166 non
507 1104 672 1185 dignantur
694 1104 809 1167 docere
830 1106 929 1165 virum
951 1105 1102 1184 integrum
1125 1110 1157 1163 et
1180 1103 1278 1163 erudi·

348 1196 423 1250 tum.
465 1186 557 1262 Quod
586 1190 613 1249 si
634 1189 781 1269 Episcopi
818 1206 943 1266 omnes,
979 1193 1013 1246 ut
1042 1184 1166 1265 quidam
1197 1204 1279 1246 nunc

346 1272 476 1347 faciunt,
505 1272 715 1338 connivebunt
736 1272 776 1333 ad
799 1272 875 1347 ista,
898 1270 982 1331 brevi
1004 1269 1135 1329 futurum
1159 1276 1223 1345 est,
1246 1276 1279 1329 ιιι

346 1353 557 1414 Mendicantes
580 1354 693 1435 adepto
721 1374 818 1437 regno
840 1354 991 1414 insultent
1017 1353 1047 1412 in
1072 1353 1175 1431 capita
1195 1354 1277 1431 ipso

347 1457 427 1514 rum,
462 1443 493 1497 et
513 1439 543 1496 in
567 1456 622 1498 eos
645 1456 768 1517 quoque
802 1456 857 1517 per
880 1434 1058 1497 Pontificem
1081 1435 1276 1515 tyrannidem

347 1539 432 1580 suam
456 1526 631 1581 exerceant.

429 1605 518 1664 Dicet
540 1603 666 1682 aliquis:
689 1602 769 1678 Quid
792 1602 866 1663 liet?
889 1600 1028 1663 Pontifici
1049 1602 1194 1661 resistere
1219 1601 1273 1659 dif-

347 1686 428 1745 ficile
450 1695 505 1748 est.
549 1686 692 1763 Primum,
715 1687 898 1746 tutissimum
921 1692 969 1745 est
983 1684 1108 1745 credere
1130 1682 1209 1744 haec
1225 1684 1276 1764 agi

346 1769 497 1829 Pontifice
520 1771 641 1847 nescio,
676 1775 729 1829 aut
750 1775 833 1829 certe
855 1787 918 1828 non
942 1767 1054 1828 edocto
1078 1765 1275 1826 sufficienter.

346 1849 1275 1928 ExamineturAleander,etinvenieturscelerosusludneus.

271 1957 277 1970 ·
347 1934 548 1993 Examinetur
557 1935 654 2011 Bulla,
664 1934 1069 2013 etinvenietursurrepticia.
1078 1932 1277 2007 Quaeetiam·

346 2018 372 2076 si
396 2018 480 2087 yenit
501 2017 690 2093 aPontiflce,
714 2027 815 2076 tamen
838 2018 1014 2077 cunctatim
1038 2024 1085 2077 est
1107 2015 1276 2095 proceden-

347 2099 429 2177 dum,
453 2099 554 2159 donec
566 2100 707 2161 Pontifex
719 2100 851 2161 audierit
862 2101 986 2160 sanioso
998 2099 1136 2177 consilia,
1160 2099 1278 2177 alioqui

349 2184 517 2261 periculum
540 2189 598 2257 est,
620 2204 660 2242 ne
681 2184 759 2243 haec
779 2202 829 2243 res
852 2184 951 2263 pariat
973 2200 1102 2261 magnos
1125 2182 1276 2242 tumultus

346 2268 377 2325 in
408 2266 482 2325 orbe
504 2265 686 2327 Christiano.
729 2267 833 2327 Facile
861 2272 909 2325 est
935 2266 1099 2326 Lutherum
1138 2266 1278 2325 eximere

347 2368 364 2409 e
385 2348 588 2425 bibliothecis,
611 2355 643 2409 at
657 2369 719 2409 non
734 2350 825 2410 facile
840 2356 888 2409 est
907 2348 991 2408 illum
1007 2350 1142 2409 eximere
1166 2366 1184 2408 ε
1206 2366 1278 2428 pec·

347 2432 464 2491 toribus
485 2431 658 2511 hominum,
698 2434 756 2492 nisi
783 2420 961 2492 refellantur
988 2431 1070 2491 illius
1098 2430 1278 2493 insolubilia

347 2522 543 2593 argumenta,
576 2516 632 2573 nisi
656 2517 841 2575 contrarium
864 2513 976 2574 doceat
997 2514 1141 2574 Pontifex
1166 2533 1277 2574 sacrae

347 2596 522 2676 Scripturas
558 2598 752 2657 testimoniis.
802 2598 882 2659 Satis
916 2597 968 2657 diu
1011 2598 1191 2676 impositum
1230 2605 1279 2657 est

288 2743 292 2752 ¹
347 2678 462 2737 mundo
487 2679 572 2755 lucis,
596 2680 726 2757 posthac
748 2680 852 2741 doceri
874 2681 966 2760 eupit.
1008 2678 1075 2739 lieo
1096 2680 1210 2740 desunt
1231 2682 1277 2739 in-

346 2763 454 2841 genia,
485 2780 564 2840 quae
587 2762 668 2822 ilecti
691 2765 771 2823 veris
792 2770 940 2843 possunt,
970 2763 1076 2822 terreri
1097 2762 1189 2823 fumis
1213 2783 1277 2823 non

347 2853 493 2924 possunt,
516 2847 627 2906 veritas
650 2848 749 2906 nescit
770 2846 920 2927 opprimi,
942 2846 1062 2905 etiamsi
1086 2846 1280 2926 opprimatur

348 2928 505 2989 Lutherus.
