3159 4792
651 463 814 533 Hieronymi
833 462 951 519 Emseri.
1235 462 1254 527 5
1310 506 1311 511 ,

332 652 420 729 quasi
436 641 595 729 'velamen
618 651 726 729 inquit,
747 648 897 711 habentes
920 649 1053 711 malitiae
1071 648 1254 713 libertatem.
1324 687 1329 693 ·

332 735 381 795 An
403 752 479 797 vero
501 733 655 813 voluptas,
677 752 714 794 ao
736 734 837 795 carnis
858 732 1029 793 desideria?
1053 732 1094 793 At
1116 740 1257 815 repetant

333 819 455 892 auimo,
485 836 546 895 quo
569 836 694 877 suorum
718 816 867 895 quosdam
893 818 1003 893 (etiam
1026 812 1171 897 regulosj
1205 816 1256 877 ab·

333 901 656 979 duxeritportentosa
677 899 732 959 illa
752 898 901 979 nulloque
932 900 1090 982 religionis
1112 900 1255 981 symbolo

334 984 563 1063 circumscripta
585 982 690 1045 libido.
1105 1047 1106 1050 Ἴ

415 1066 478 1126 Aut
511 1073 657 1146 quantum
685 1065 826 1144 sceleris,
862 1065 984 1145 quidve,
1009 1060 1138 1127 monstri
1171 1065 1255 1127 brevi

334 1148 414 1230 apud
448 1168 503 1209 eos
537 1149 647 1209 aluerit
673 1149 880 1227 contemptrix
914 1168 1057 1229 superum
1089 1151 1257 1227 temeritas,

334 1239 365 1293 et
386 1231 531 1309 ereeta1)
557 1232 653 1293 semel
676 1231 833 1292 deliratio:
863 1232 965 1293 Deum
986 1239 1084 1294 testor
1107 1234 1255 1311 optimum

334 1316 516 1394 maximum,
554 1314 638 1394 quod
672 1334 734 1375 non
769 1316 836 1375 sine
865 1315 999 1375 lacrimis
1026 1317 1087 1376 ista
1109 1315 1255 1376 dictitem.

334 1398 409 1474 Quis
442 1400 524 1458 enim
560 1417 633 1458 vere
656 1398 845 1458 Christianus
873 1405 915 1458 vet
942 1398 1094 1459 fraternae
1122 1400 1257 1459 caritatis

286 1524 290 1528 -
333 1487 454 1542 amator
474 1500 538 1542 non
560 1481 667 1542 doleat
699 1487 746 1542 tot
772 1481 898 1542 fratrum
934 1482 1104 1543 iacturam?
1140 1488 1255 1543 tantam

332 1565 503 1625 animarum
524 1563 677 1632 cladem?
719 1571 782 1623 tam
816 1565 923 1645 inclyti
967 1567 1053 1645 regni
1087 1584 1208 1625 casum·
1227 1572 1258 1625 et

331 1647 474 1707 ruinam?
505 1653 623 1708 tantam
657 1653 816 1727 postremo
849 1646 972 1708 divinae
994 1649 1162 1707 maiestatis
1186 1667 1256 1708 con-

332 1730 490 1791 tumeliam
513 1750 550 1790 ac
583 1729 829 1810 blasphemiam?
868 1731 931 1790 Aut
952 1729 1086 1809 quem²)
1111 1731 1171 1789 iam
1192 1750 1256 1791 non

331 1813 458 1895 pudeat,
481 1815 599 1891 priscos
620 1813 691 1873 illos
713 1832 884 1894 generosos
897 1813 1102 1875 Bohemorum
1125 1814 1257 1893 spiritus,

330 1903 457 1977 gentem
479 1903 566 1957 tanta
587 1897 660 1957 olim
683 1897 795 1957 virtute
817 1899 1033 1978 conspicuam,
1054 1902 1101 1958 tot
1123 1897 1257 1957 victoriis

330 1980 491 2058 illustrem,
513 1999 610 2060 penes
633 1998 725 2058 quam
748 1998 869 2041 summa
884 1980 1039 2058 quondam
1061 1980 1118 2040 luit
1139 1980 1256 2059 imperti

332 2071 365 2123 et
387 2064 538 2124 terrestris
559 2063 645 2143 regni
668 2070 769 2142 caput,
794 2082 831 2123 eo
844 2062 1000 2124 redactam
1021 2083 1100 2141 esse,
1122 2070 1165 2139 ut,
1189 2082 1257 2123 cum
1284 2122 1288 2127 ,

332 2144 474 2227 singulae
496 2152 605 2225 gentes
626 2146 809 2225 religionem
832 2146 966 2226 aliquam
986 2166 1076 2207 unam
1101 2146 1258 2206 mordicus

331 2235 470 2307 teneant,
491 2228 542 2288 hic
563 2231 594 2288 in
615 2248 679 2289 uno
701 2247 798 2309 regno
823 2229 915 2289 alium
934 2248 1078 2309 proceres
1093 2229 1259 2291 observent

331 2312 492 2392 religionis
515 2312 639 2391 cultum,
661 2312 754 2371 alium
777 2313 878 2372 cives:
902 2321 933 2373 et
954 2315 984 2373 in
1009 2331 1072 2372 una
1087 2311 1259 2390 eademqne

332 2395 429 2455 domo
452 2395 540 2455 aliter
562 2394 791 2475 paterfamilias,
814 2395 902 2455 aliter
924 2396 1038 2455 familia
1061 2394 1258 2475 ipsaadoret,

333 2479 470 2557 denique
490 2480 522 2538 in
544 2478 607 2537 uno
630 2496 725 2557 saepe
738 2478 829 2539 thoro
851 2478 913 2540 alio
936 2480 982 2539 vir
1003 2480 1071 2555 ritu,
1094 2477 1157 2539 alio
1182 2498 1259 2539 uxor

332 2563 435 2621 Deum
455 2561 560 2622 colat?
593 2562 624 2621 in
646 2560 822 2622 universum
851 2569 969 2640 autem,
1003 2569 1036 2622 ut
1065 2580 1135 2641 pars
1163 2561 1258 2621 multu

334 2645 480 2723 maxima,
503 2642 680 2725 posthabito
696 2644 764 2705 Deo
787 2655 819 2704 et
839 2644 946 2705 relicto
972 2644 1065 2705 verbo
1081 2644 1174 2723 vitae,
1197 2663 1259 2713 cer7

333 2725 467 2788 donibus
500 2726 593 2789 modo
632 2726 707 2804 eti)
750 2727 944 2807 crepidariis,
976 2734 1041 2789 tum
1075 2727 1260 2787 mulierculis

334 2809 518 2890 quibusdam
536 2809 689 2890 praeficis,
710 2809 804 2887 idque
826 2812 857 2869 in
875 2812 1040 2893 gurgustiis
1053 2810 1259 2871 subterraneis

336 2893 528 2972 (Cimmeriis
564 2892 699 2953 tenebris
735 2893 940 2975 dignissimis)
970 2913 1059 2954 aures
1092 2892 1260 2973 praebeat?

335 2977 440 3056 Atque
460 2977 508 3037 his
531 2976 658 3037 ducibus
682 2974 763 3059 aci)
787 2977 911 3056 aurigis,
933 2983 1040 3037 contra
1051 2975 1259 3036 invincibilem

334 3061 489 3121 ecclesiae
510 3060 683 3136 veritatem,
706 3065 754 3121 tot
765 3066 933 3139 martyrum
950 3058 1105 3135 caedibus,
1127 3065 1189 3119 tam
1213 3077 1260 3118 so-

334 3142 407 3204 lidis
438 3142 652 3223 apostolorum
679 3142 904 3222 inindumentis,
932 3161 1024 3223 supra
1055 3141 1260 3202 firmissimam

336 3226 450 3287 Christi
473 3233 590 3306 petram
615 3224 827 3304 aedificatam,
854 3232 998 3305 tanquam
1026 3244 1132 3287 musca
1154 3230 1262 3285 contra

335 3309 532 3389 elephantem
545 3312 595 3389 ⁵),
623 3315 677 3369 aut
698 3308 846 3369 adversus
868 3309 1002 3387 aquilam
1026 3308 1189 3370 scarabeus
1212 3328 1266 3368 ve-v

335 3392 422 3452 litari
443 3392 544 3453 ausit?

420 3474 499 3534 Num
543 3473 623 3535 idem
658 3474 808 3535 factitavit
840 3474 1050 3535 Vuenccslaus
1081 3474 1152 3533 Dux
1188 3473 1261 3533 olim

335 3577 459 3636 eorum,
493 3558 539 3618 vir
567 3558 651 3617 omni
681 3559 845 3631 sanctitate
874 3557 1081 3620 venerabilis?
1122 3556 1200 3616 Num
1231 3556 1262 3616 id
1370 3598 1375 3619 t

335 3660 414 3702 ausa
435 3647 483 3701 est
503 3641 605 3720 prisca
631 3640 688 3700 illa
708 3640 878 3701 Bohemica
905 3642 999 3701 virtus
1029 3636 1076 3702 ac
1095 3638 1262 3701 nobilitas-i

411 3848 442 3909 1)
462 3846 653 3900 mediatem:
673 3852 793 3917 erecta,
812 3846 885 3916 apud
896 3846 1025 3901 Loesch.:
1046 3860 1061 3897 c
1079 3850 1164 3896 recto.
1184 3845 1216 3913 2)
1232 3845 1262 3895 ln

336 3916 383 3971 ed.
402 3916 480 3973 Jen.:
512 3929 603 3987 quam.
640 3918 673 3983 3)
697 3917 777 3987 Apud
798 3918 926 3974 Locren:
957 3934 997 3971 ac.
1036 3915 1067 3983 4)
1089 3916 1209 3970 Ibidem:
1229 3922 1263 3968 et.

335 3989 374 4059 5)
395 3989 481 4044 Iura:
500 3989 688 4058 elephantum.
744 3999 746 4004 '
