3159 4792
364 478 427 547 120
595 483 704 538 Taum.
724 480 838 538 Gonnoi.
857 484 887 535 Ι).
907 482 942 538 1
961 483 1072 537 liuthart

364 673 482 736 frustra.
525 672 591 734 Neo
611 674 692 733 enim
720 671 886 752 quidquam
915 672 962 732 hie
989 688 1208 752 promovemus
1237 675 1286 740 oa·

368 756 509 834 lubriter,
538 756 592 817 sed
615 762 649 815 ut
670 754 849 817 Eooieaiaat.
873 754 961 816 dicit:
989 754 1075 816 Haeo
1096 756 1217 815 venitm
1238 759 1288 813 eet

365 841 533 901 vanitatum
558 847 589 899 et
611 838 737 899 afflietio
768 839 902 920 spiritua.
944 839 1023 899 Nam
1046 844 1078 899 et
1096 837 1178 899 idem
1199 835 1287 896 libel·

366 923 412 983 luo
441 929 523 985 totus
560 923 590 982 in
621 922 701 983 hano
734 924 956 1003 experientiam
985 922 1134 1002 loquitur,
1169 928 1203 980 ut
1235 920 1287 997 qui

366 1007 462 1067 muita
483 1025 538 1087 pro
561 1026 596 1067 oe
616 1006 796 1081 tentaverit,
825 1012 857 1066 et
882 1008 914 1066 in
938 1004 1080 1067 omnibus
1101 1012 1204 1065 tamen
1223 1021 1287 1062 non

366 1090 424 1150 nisi
446 1089 602 1168 laborem,
628 1089 794 1149 venitatem
822 1096 854 1149 et
874 1088 1073 1150 afflietionem
1096 1089 1220 1168 spiritus
1241 1086 1288 1145 in·

366 1175 502 1234 venerit:
528 1174 571 1233 ita
593 1179 626 1232 ut
647 1172 828 1250 oonoiudat,
850 1172 965 1234 donum
984 1173 1041 1233 Dei
1064 1189 1148 1248 esee,
1171 1171 1196 1229 ei
1219 1170 1288 1248 quin

368 1256 439 1316 edat
461 1262 492 1317 et
513 1255 614 1327 bibat,
644 1264 675 1316 et
705 1256 837 1316 laetetur
858 1274 927 1316 eum
948 1275 1047 1317 uxore
1067 1274 1137 1331 auu,
1169 1253 1200 1312 id
1229 1260 1288 1328 eat,

368 1341 434 1399 sine
456 1338 661 1400 sollieitudine
683 1340 804 1416 vixerit,
825 1340 894 1400 Deo
910 1338 1127 1400 commendata
1145 1337 1288 1398 eumeni.

376 1456 381 1465 .
452 1421 554 1497 Quare
576 1428 607 1482 et
627 1442 685 1482 noe
708 1422 792 1482 nullu
814 1422 875 1482 alia
896 1442 989 1503 nuper
1008 1441 1067 1483 noe
1080 1418 1288 1483 sollieitudine

368 1504 490 1566 soitioiti
513 1524 582 1566 esso
605 1504 768 1582 debemus,
796 1522 887 1583 quam
910 1525 949 1566 ne
970 1522 1141 1585 supernos
1163 1502 1288 1564 aoiiioiti

314 1618 316 1621 ·
368 1590 477 1671 simun,
508 1595 539 1649 et
559 1589 626 1649 Deo
654 1607 757 1649 euram
778 1590 881 1649 nostri
909 1590 1071 1669 rapiamus.
1114 1586 1227 1648 Cetera
1248 1606 1287 1645 ex

368 1678 490 1751 epeotro
513 1672 679 1749 contrario,
700 1678 735 1731 ut
755 1671 829 1749 dixi,
850 1678 882 1733 et
904 1693 943 1733 ex
965 1671 1289 1733 recordationemque

367 1756 450 1815 vitae
473 1758 656 1835 praeteritae
677 1754 806 1834 quilibet
832 1755 924 1819 seoile
952 1755 1008 1817 sibi
1024 1755 1054 1831 ¹)
1086 1752 1288 1834 comparabit

369 1954 501 2035 G-uput
522 1954 575 2017 IV.
598 1954 645 2016 de
663 1961 827 2036 spectro
849 1959 1001 2033 quarto,
1024 1952 1125 2034 quod
1149 1958 1208 2013 est
1229 1951 1287 2013 bo·

513 2058 597 2102 num
620 2038 827 2116 infernum,
852 2056 924 2097 sen
947 2038 1049 2097 infra
1070 2056 1149 2097 nos.

449 2170 615 2252 Hucusque
636 2173 718 2233 bona
741 2171 893 2246 vidimus,
915 2192 995 2252 quae
1017 2177 1235 2245 nommant,
1258 2175 1290 2230 ot

367 2258 397 2316 in
420 2254 616 2336 nobisipsis,
639 2256 785 2335 dein‘oeps
808 2275 861 2335 ea,
893 2275 973 2335 quoe
1004 2256 1035 2315 in
1057 2255 1125 2316 aliia
1141 2260 1180 2313 et
1200 2259 1289 2313 extra

368 2358 426 2401 nos
447 2340 550 2419 posita
571 2348 651 2417 sunt,
673 2338 842 2399 videamus.
875 2338 1012 2414 Quorum
1035 2339 1164 2418 primum
1187 2344 1234 2397 eet
1257 2337 1288 2396 in

367 2422 425 2499 hie,
446 2424 496 2501 qni
517 2423 597 2483 iufra
617 2442 675 2483 nos
697 2429 777 2497 sunt,
799 2422 830 2482 id
852 2428 928 2499 eat‚·
954 2423 1065 2483 mortui
1087 2427 1120 2481 et
1141 2420 1288 2481 damnati.

369 2504 430 2565 Sed
451 2506 575 2575 mirum,
599 2504 670 2583 quid
694 2504 766 2565 boni
788 2506 820 2565 in
842 2505 969 2565 mortuis
992 2512 1024 2566 et
1044 2504 1196 2564 damnatio
1220 2522 1289 2582 poa·

367 2589 408 2647 ait
428 2588 578 2648 inveniri?
608 2588 728 2648 Verum'
745 2594 832 2648 tanta
853 2594 901 2649 est
922 2587 1035 2667 ubique
1057 2587 1180 2648 divinae
1202 2585 1289 2647 boni·

368 2671 571 2748 tatuvinus,
604 2678 638 2730 ut
672 2672 702 2731 iu
735 2672 862 2731 summis
894 2671 982 2731 mulia
1010 2672 1102 2731 etiam
1130 2668 1215 2730 bona
1236 2669 1291 2730 det

369 2751 482 2813 videre.

451 2834 642 2897 Conferimus
666 2842 767 2897 autem
789 2836 861 2897 illos
883 2837 1013 2917 primum
1040 2837 1080 2897 ad
1107 2856 1181 2912 nos,
1216 2842 1291 2895 tuno

369 2917 506 2979 videmus
527 2919 763 2981 inaestimabilia
784 2926 891 2980 nostra
911 2921 1013 2995 luera,
1036 2921 1115 2982 siout
1135 2918 1226 2980 facile
1249 2925 1289 2979 e‘x

371 3004 525 3063 eontrario
558 3002 708 3063 mulorum
726 3071 729 3075 ,
746 3010 869 3083 speotro
909 3004 1008 3084 aooipi
1038 3010 1150 3085 potest.
1209 3001 1289 3063 Nam

369 3092 483 3163 quanta
505 3085 569 3146 illia
592 3088 698 3147 mortis
730 3093 762 3147 et
782 3087 893 3147 inferni
916 3086 1048 3147 malain
1072 3088 1116 3147 eia
1139 3084 1290 3162 videmus,

368 3176 416 3229 tot
452 3169 518 3229 sine
550 3168 643 3231 dubio
677 3169 761 3229 luera
793 3175 900 3229 nostra
939 3168 1096 3246 videmus,
1139 3174 1290 3247 tantoque

371 3252 498 3325 maiora,
521 3258 637 3329 quanto
659 3252 780 3311 illorum
803 3252 886 3311 moia
905 3252 1019 3313 suen'nt
1038 3254 1165 3313 maiora.
1200 3250 1290 3326 Quae

370 3334 473 3393 omnia
497 3352 557 3393 non
581 3341 653 3393 sunt
675 3334 734 3393 levi
758 3333 852 3394 eorde
874 3336 1118 3409 oontemnenda,
1141 3336 1214 3413 quia
1235 3335 1289 3394 mi-

370 3414 568 3476 sericordium
607 3416 663 3477 Dei
699 3415 1036 3497 magnificentissimam
1072 3418 1162 3480 nobis
1197 3416 1288 3478 vehe-

370 3505 488 3559 menter
520 3499 745 3559 oommondent.
797 3499 839 3559 nt
868 3502 1036 3580 perieulum
1060 3509 1124 3576 eet,
1154 3502 1180 3561 si
1210 3500 1290 3562 hueo

369 3584 453 3662 parvi
476 3582 662 3658 duxerimus,
685 3584 796 3664 ingrati
810 3583 1002 3645 inveniamur
1022 3585 1113 3645 simui
1135 3587 1205 3644 ouui
1226 3582 1288 3644 illio

370 3665 545 3744 damnandi,
567 3672 621 3726 aut
642 3667 729 3745 peius
752 3667 924 3744 cruciandi,
951 3674 1118 3748 propterea
1139 3674 1287 3745 quantum

369 3748 441 3807 illos
463 3748 569 3810 dolere
591 3756 622 3808 et
643 3749 760 3809 ululare
781 3749 965 3827 viderimus,
983 3758 1086 3812 ¹tutuo
1117 3751 1217 3831 magia
1249 3749 1290 3811 de

371 3830 428 3891 Dei
450 3830 587 3893 bonitate
608 3832 639 3892 in
661 3850 719 3893 nos
741 3832 877 3913 gaudere
902 3833 1065 3913 debemus,
1100 3836 1187 3895 iuxta
1212 3831 1290 3894 iliud

443 4020 474 4087 t)
493 4020 525 4073 ln
543 4021 587 4076 ad.
605 4020 666 4075 ἔω.
685 4020 787 4075 deaut:
806 4020 869 4076 eibi.
895 4042 898 4046 ²
