3159 4792
572 529 607 584 de
625 534 739 601 negatio
756 532 878 587 humari.
935 588 937 595 ,
1140 529 1186 595 ’81

265 724 383 797 posset,
407 719 501 778 etiam
515 718 649 780 eleetos:
671 723 703 779 el
714 719 791 780 illud
803 719 901 780 Petri·
924 720 1021 781 Erunt
1034 721 1080 782 int
1068 726 1114 782 ter
1132 738 1187 781 vos

266 802 404 881 magistri
427 800 601 880 mendaces,
624 804 675 882 qui
697 802 893 863 introdueeut
881 809 1022 864 tssetss
1044 802 1187 883 perditio-

267 884 321 962 nis,
344 890 377 944 et
402 885 489 945 multi
466 892 678 964 tsequuntur
699 893 804 946 eorum
827 885 987 957 luxuriam
1011 888 1070 946 st
1063 907 1093 945 ιιι
1117 906 1187 947 ava·

266 968 333 1027 ritis
366 965 446 1027 betis
474 967 575 1029 verbis
610 968 759 1032 devehis
794 970 1041 1050 negotiabuntur.
1085 971 1187 1049 Atque

266 1050 372 1111 neseio
395 1051 602 1112 sil30hemise
624 1059 684 1112 tam
709 1053 793 1114 obvii
818 1054 888 1132 sint,
913 1072 1003 1197 quam
1017 1052 1100 1134 'a'pud
1122 1072 1188 1132 vos,

265 1152 397 1229 puerum
419 1134 586 1195 maledieta
611 1142 643 1196 et
669 1136 929 1217 syeophantiss
921 1157 968 1196 ιιι
981 1143 1064 1197 tuum
1096 1143 1189 1216 eaput

266 1217 327 1276 iam
349 1216 470 1297 pridem
492 1219 664 1279 concitasti.
720 1253 722 1258 ·

349 1299 379 1360 0
400 1319 492 1379 qnam
514 1321 595 1362 nana
619 1302 729 1363 odiosa
750 1304 829 1362 verit
830 1323 874 1378 aa,
898 1322 916 1363 0
940 1303 1189 1382 quemchristus

267 1383 408 1463 ubique
399 1385 526 1445 inrisus.
568 1385 615 1444 'l'u
637 1386 739 1464 frater,
762 1387 836 1464 quia
849 1386 1001 1447 Christum
1015 1386 1188 1466 praedicas,

266 1485 327 1527 nen
349 1467 509 1545 homines,
546 1486 608 1529 non
630 1490 650 1529 a
672 1470 732 1528 tuis
756 1467 870 1547 mode,
904 1469 1072 1529 sedetiam
1095 1489 1114 1528 a
1133 1488 1189 1529 no-

266 1550 412 1613 stratibus
423 1550 605 1629 quibusdam
627 1552 801 1613 haereticus
826 1552 945 1613 diceris.
973 1552 1034 1613 Sed
1048 1553 1189 1629 obseeru,

266 1633 426 1693 haneeum
435 1634 556 1695 Christe
572 1636 790 1695 eontumeliam
798 1635 929 1696 libenter
936 1638 1062 1712 sustine,
1072 1654 1189 1695 memor

266 1717 401 1794 interim,
424 1717 512 1795 quod,
529 1717 611 1796 apud
621 1718 810 1778 Matthaeum
831 1718 980 1796 loquitur:
1007 1719 1039 1779 si
1061 1724 1189 1798 patrem-

267 1800 400 1860 familias
422 1800 601 1861 Beelzebub
620 1808 826 1879 meaverunt,
863 1808 977 1881 qusnto
1016 1802 1113 1883 magis
1136 1802 1189 1861 do·

268 1884 415 1944 mastices
445 1884 525 1943 sius:
564 1884 704 1945 similiter
726 1891 757 1944 et
779 1884 862 1963 quod
884 1884 981 1945 Lueaa
1005 1888 1054 1949 23.
1075 1885 1189 1961 retulit,

268 1984 334 2025 eum
358 1968 421 2025 iarn
444 1967 654 2047 propinquans
690 1969 780 2028 marti
804 1967 941 2046 ,diaeretz
986 1968 1017 2029 Si
1047 1971 1078 2028 in
1101 1966 1189 2028 viridi
1219 1992 1223 1997 ·

267 2049 351 2130 ligno
377 2049 438 2110 hoa
459 2049 583 2129 faeiunt,
604 2052 635 2110 in
658 2051 746 2111 arido
769 2051 842 2130 quid
864 2050 938 2111 het?
971 2052 1041 2112 Non
1071 2061 1118 2112 est
1146 2050 1189 2111 di·

267 2133 403 2213 saipnlns
419 2153 512 2213 supra
523 2136 703 2214 magistrum
725 2154 824 2211 suum,
846 2153 947 2213 neque
969 2154 1075 2195 servus
1098 2154 1190 2214 supra

268 2216 438 2276 dominum.
480 2214 569 2291 Quae
597 2218 679 2277 servi
706 2217 772 2277 lana
799 2218 912 2296 maior,
944 2238 1034 2297 quam
1064 2226 1190 2298 propter

267 2299 427 2363 deminum
449 2299 614 2360 maledieta
634 2300 713 2360 ferre
734 2307 767 2361 et
788 2300 951 2363 stimulos?
1073 2315 1077 2325 ¹

350 2382 445 2463 Ergo,
468 2384 509 2442 mi
530 2383 625 2443 frater
642 2383 782 2461 Martiae,
805 2383 979 2445 confortare
1000 2386 1031 2443 in
1045 2384 1190 2462 Domine,

267 2470 389 2527 staats
411 2465 554 2527 rebustus
578 2473 707 2527 venator
728 2467 1075 2547 Pseudoapostolorum.
1107 2466 1189 2528 Chri-

268 2556 333 2609 stus
355 2550 494 2611 raritatis
522 2549 585 2609 dnn
616 2557 647 2610 et
676 2552 824 2631 magister
857 2552 888 2610 in
921 2552 1096 2630 exemplum
1118 2570 1190 2611 ven-

269 2632 378 2696 dentes
400 2641 432 2692 et
453 2640 591 2709 ementes
613 2633 654 2693 de
675 2635 792 2713 templo
816 2636 918 2711 siieit,
948 2642 982 2695 ut
1003 2654 1061 2695 nos
1083 2652 1191 2713 aequa-

268 2736 335 2775 mur
355 2716 488 2795 vestigia
510 2717 586 2776 eius.
612 2717 683 2778 Non
706 2717 761 2778 tibi
774 2717 874 2778 deerit
884 2718 1030 2779 auxilium
1047 2718 1188 2798 desuper.

267 2800 345 2860 Βιιιιι
380 2802 421 2859 ιιι.
435 2798 585 2859 bohemia
612 2800 733 2880 plurimi
754 2800 862 2862 fideles
885 2802 952 2861 Deo
976 2810 1007 2862 et
1028 2803 1108 2879 sari,
1139 2804 1190 2880 qui

267 2891 297 2943 te
319 2891 431 2943 neates
452 2881 581 2962 elisaque
602 2884 793 2945 orationibus
816 2884 970 2946 adiuvant.
1019 2884 1065 2944 Tu
1096 2885 1189 2948 modo

267 2966 320 3026 tibi
347 2967 410 3045 ipai
441 2984 504 3025 non
532 2966 624 3028 desis.
674 2967 758 3027 Istud
787 2967 875 3040 v010,
906 2976 1012 3027 saulus
1046 2970 1104 3047 sis,
1141 2988 1191 3042 ne,

266 3068 336 3109 eum
361 3048 515 3109 Christum
538 3049 577 3111 ab
590 3050 779 3111 Antiehristo
804 3049 951 3128 vindiees,
973 3050 1012 3110 ab
1037 3051 1105 3130 ipso
1127 3069 1191 3109 nou

266 3132 561 3211 eomprehendamsz
595 3133 678 3194 mille
706 3134 841 3194 nocendi
877 3132 970 3193 habet
997 3132 1049 3193 ille
1089 3152 1191 3193 mores

266 3216 505 3295 insidiaturque,
537 3225 572 3276 ut
598 3218 723 3298 sagittet
749 3218 781 3277 in
810 3218 940 3279 obseura
962 3222 1067 3277 reatos
1089 3217 1191 3279 eorde.

268 3300 408 3360 Ohnatns
429 3305 461 3359 ta
484 3309 646 3360 conservet
666 3302 870 3375 ineolumem,
898 3302 938 3360 mi
961 3300 1107 3379 Martiae,
1136 3319 1191 3381 pro

267 3385 354 3443 euius
378 3382 450 3463 lege
469 3402 533 3444 non
556 3383 891 3461 erubessiahomines,
920 3402 1093 3465 magnaque
1114 3385 1194 3464 peri-n

265 3467 335 3527 sala
358 3465 459 3527 subia-
497 3466 558 3526 Sed
581 3466 714 3543 confide,
737 3470 851 3529 veritas
864 3468 1007 3529 liberabit
1029 3476 1068 3531 ts.
1103 3467 1192 3546 Vale,

265 3557 297 3610 et
316 3550 377 3610 hos
400 3549 525 3628 cultros,
547 3551 760 3611 munusculum
782 3551 882 3613 fateor
904 3552 1065 3632 exiguum,
1104 3558 1192 3631 grato

265 3634 391 3730 saaelpe
411 3634 516 3693 auimo
527 3636 770 3714 ,quosamaris
801 3642 832 3695 el
854 3634 1091 3695 benevolentiae
1113 3634 1193 3693 iuter

266 3736 324 3777 nos
356 3718 498 3779 sineerae
533 3719 647 3813 pignus
667 3737 737 3779 esse
758 3718 860 3781 velim.
904 3718 1017 3779 lterum
1049 3717 1135 3793 vale,
1164 3723 1195 3776 et

266 3801 370 3881 gratia
390 3798 505 3862 Christi
528 3802 567 3860 sit
587 3807 689 3861 tecum
711 3820 844 3881 semper.

267 3882 380 3946 Datum
388 3882 519 3963 Pragae,
533 3882 669 3947 Sabbata
679 3891 750 3964 post
760 3885 950 4030 Dipxisiouem
961 3883 1194 3983 apostulorum.

572 3969 664 4030 Anno
687 3968 728 4029 M.
751 3968 778 4027 D
838 3968 889 4031 lX

293 4067 388 4108 marr
403 4052 907 4123 ορι.;.·.νιιιηιιιιιιιρ.ο..νιιν·
991 4063 1011 4127 6
