3159 4792
537 488 572 541 ad
592 489 757 544 schedulam
771 491 954 548 inhibitionis.
1154 489 1215 555 141

296 674 412 737 Christi
433 674 642 752 adhortamur,
665 683 696 737 et
716 695 772 757 pro
785 685 887 739 vestra
909 679 940 738 in
958 683 1098 740 sanctam
1110 678 1216 739 sedern

297 757 504 838 apostolicam
527 763 559 820 et
580 758 762 820 catholicam
786 761 967 843 religionem
980 761 1148 822 devotione
1168 779 1218 821 ea·

294 843 426 903 ritateve
447 860 619 921 monemus,
641 851 673 902 ut
694 851 841 903 tractatus
862 843 933 905 illos
955 846 1021 904 sive
1042 862 1216 904 sermonem

296 926 388 985 istum
413 924 617 1004 undecunque
638 925 801 1007 diligenter
822 927 976 1008 colligatis
1003 933 1035 987 et
1055 926 1136 1007 apud
1159 946 1216 988 ros

295 1007 470 1087 detineatis,
478 1007 821 1088 quousquealiudvobis
832 1010 1044 1071 dederimusin
1053 1011 1215 1072 mandatis.

377 1090 419 1151 Et
440 1097 474 1151 ut
495 1090 642 1152 scandala
670 1112 710 1151 ex
736 1093 946 1172 publicatione
969 1093 1041 1154 dicti
1065 1094 1216 1153 tractatuli

295 1173 378 1254 apud
401 1173 605 1254 simpliciores
627 1176 658 1236 in
682 1174 821 1236 dioecesi
847 1184 954 1237 nostra
975 1183 1085 1237 exorta
1107 1176 1217 1238 tollan-

295 1264 343 1317 tur
366 1264 398 1318 et
420 1257 611 1318 eradicentur
632 1260 851 1337 puriformiter,
884 1259 1080 1335 mandemus,
1107 1260 1217 1320 exhor·
1276 1291 1278 1300 v

295 1350 396 1401 tamur
420 1346 451 1401 et
473 1359 643 1417 monemus,
666 1349 817 1421 quatenus
828 1343 859 1404 in
871 1342 1001 1423 publicis
1013 1340 1218 1403 concionibus

296 1430 326 1484 et
347 1423 544 1485 sermonibus
566 1425 674 1484 vestris
696 1425 844 1505 populum
866 1425 955 1486 vobis
978 1423 1125 1486 creditum
1150 1425 1216 1485 dili·

296 1514 407 1587 genter
430 1513 461 1567 et
481 1517 625 1569 accurate
650 1506 822 1587 instruatis,
855 1513 887 1569 ut
915 1510 998 1569 omni
1026 1507 1217 1569 dubitatione

296 1596 420 1649 semota
440 1588 613 1651 firmissime
635 1598 665 1652 et
684 1591 904 1654 inviolabiliter
926 1590 1040 1669 credat,
1062 1590 1118 1651 eub
1145 1609 1218 1670 qua·

296 1671 373 1733 libet
394 1674 501 1752 specie
522 1674 674 1754 integrum
697 1673 850 1735 Christum
872 1675 1038 1736 Dominum
1060 1682 1092 1734 et
1112 1672 1217 1734 Calva-

296 1760 397 1815 torcm
420 1764 558 1817 nostrum
584 1756 752 1835 contineri,
775 1756 1072 1818 communicantibus
1094 1774 1217 1836 quoque

297 1838 353 1899 sub
384 1840 490 1918 specie
527 1840 615 1919 panis
649 1839 862 1901 tantummodo
896 1847 1121 1901 sacramentnm
1154 1859 1216 1899 non

297 1922 483 2001 partialiter,
515 1918 569 1983 sed
597 1923 716 2003 integre
742 1942 780 1983 ac
801 1923 937 2002 perfecte
955 1922 1017 1985 illis
1041 1923 1217 1983 ministrari:

297 2022 335 2064 ac
356 2011 495 2065 sanctam
526 2004 709 2066 catholicam
732 2005 895 2067 ecclesiam
918 2008 949 2066 in
971 2024 1060 2067 sacra
1080 2005 1218 2087 generali

298 2086 432 2167 synodo,
453 2094 484 2147 in
506 2087 619 2167 Spiritu
643 2096 751 2149 sancto
773 2090 911 2171 legitime
932 2097 1006 2151 tunc
1019 2095 1218 2170 congregata,

298 2190 338 2231 ex
362 2169 467 2231 divina
488 2170 625 2232 eiusdem
648 2171 776 2251 Spiritus
802 2174 901 2233 saneti
922 2174 1133 2253 inspiratione,
1155 2190 1217 2232 non

297 2252 498 2315 conficientes
521 2254 576 2317 sub
599 2254 668 2317 sola
690 2256 795 2335 specie
817 2257 906 2337 panis
925 2256 1145 2316 communicari
1167 2254 1217 2314 de

298 2336 382 2415 bere,
404 2337 574 2399 instituisse
598 2343 630 2399 et
650 2338 821 2400 ordinasse.
871 2339 1000 2419 Propter
1021 2358 1113 2418 quam
1135 2339 1218 2397 insti-

298 2421 449 2481 tutionem
480 2428 512 2481 et
544 2420 768 2483 ordinationem
801 2422 976 2485 huiuamodi
1012 2421 1217 2501 sumptionem

297 2502 354 2563 sub
378 2511 505 2583 utraque
526 2506 629 2583 specie
652 2524 721 2566 esse
743 2507 953 2583 temerariam,
988 2511 1219 2586 praesumptuo-

297 2606 375 2665 sam,
398 2586 623 2666 soandalosam,
645 2587 845 2666 seditiosam,
867 2595 900 2651 et
921 2588 1123 2650 ecclesiastici
1144 2588 1219 2648 ritus

298 2668 493 2747 turbativam,
516 2681 547 2732 et
568 2690 607 2732 ex
628 2673 832 2752 consequenti
852 2680 999 2735 aeternae
1013 2671 1219 2733 damnationis

296 2752 497 2814 inductivum.

382 2835 425 2896 Et
453 2855 522 2897 eum
552 2836 659 2898 melior
688 2839 728 2898 sit
750 2837 943 2915 obedientia,
969 2856 1062 2916 quam
1085 2838 1220 2914 victima,

299 2918 384 2999 quod
407 2938 470 2980 non
493 2918 692 2982 conficientes
715 2920 783 3000 plus
802 2927 976 2981 mereantur
992 2918 1143 2980 sumendo
1164 2918 1220 2979 sub

300 3022 362 3062 una
385 3004 490 3082 specie
512 3004 601 3083 panis
623 3004 851 3081 tantummodo,
882 3020 972 3081 quam
1000 3002 1056 3062 sub
1083 3010 1221 3080 unaque,

300 3084 447 3166 qnodque
469 3092 635 3167 propterea
659 3106 767 3148 omnes
791 3095 823 3148 et
843 3084 966 3166 singuli,
988 3093 1022 3145 ut
1042 3083 1150 3145 fideles
1172 3099 1220 3143 ea

300 3168 436 3229 thelicae
465 3168 616 3230 ecclesiae
650 3168 704 3230 lilii
740 3175 771 3231 et
793 3169 973 3247 Christiani,
1003 3167 1111 3229 eedem
1146 3183 1221 3227 suae

301 3252 406 3312 matris
428 3253 569 3314 instituta
589 3259 620 3313 et
649 3253 875 3331 ordinationes,
905 3270 942 3311 ac
969 3257 1144 3313 sanctorum
1166 3248 1221 3310 Pa·
1261 3267 1263 3269 ’

300 3342 379 3395 trum
402 3342 434 3395 et
451 3335 617 3413 electorum
641 3336 698 3397 Dei
724 3335 817 3397 fldem
838 3337 870 3396 in
892 3335 1015 3396 sincera
1036 3336 1152 3395 unitate
1172 3331 1221 3393 iir-

301 3418 391 3478 miter
412 3426 444 3478 et
464 3417 596 3481 fideliter
611 3419 796 3498 custodient,
818 3425 986 3499 sequantur
999 3425 1032 3479 ct
1045 3418 1220 3493 observent,

299 3501 403 3561 taliter
431 3502 513 3563 cirea
542 3503 713 3582 praemissa
734 3505 847 3579 acturi,
876 3507 910 3562 ut
940 3521 960 3562 a
982 3501 1049 3562 Deo
1084 3500 1220 3561 omnium

299 3584 452 3645 bonorum
475 3584 658 3647 retributore
680 3590 849 3667 praemium
873 3585 1036 3666 consequi,
1057 3592 1089 3645 et
1109 3583 1148 3642 de
1170 3580 1220 3643 de-

299 3667 364 3728 bita
384 3668 417 3727 in
438 3668 621 3749 religionem
645 3669 850 3731 Christianam
874 3668 1044 3730 devotione
1065 3684 1221 3727 commen·

300 3751 358 3810 tari
379 3752 514 3830 possitis.

301 3832 413 3894 Datum
432 3835 574 3917 Stolpen,
595 3854 677 3897 anno
700 3855 719 3895 a
740 3836 900 3896 nativitate
912 3833 1035 3894 Domini
1049 3833 1089 3893 hl.
1104 3832 1142 3895 D.
1155 3831 1221 3893 XX.
1245 3821 1248 3826 ’

302 3918 361 3978 Die
388 3938 463 3980 vero
493 3921 541 3982 24.
570 3921 684 3981 mensis
711 3918 866 3994 ianuarii,
890 3915 1081 3978 Officialatus
1110 3914 1222 3976 Curiae

301 4009 425 4063 nostrae
447 4003 660 4083 praesentibus
682 4021 831 4085 appresso
854 4000 910 4061 suh
932 3998 1051 4079 Sigillo.
