3159 4792
588 519 624 576 ‘¹0
640 522 756 591 ”8⁰⁶⁰
773 520 893 575 trum.
941 538 945 547 ’
1158 516 1200 584 73
1320 573 1331 601 ,.

281 709 427 790 prolatis,
463 714 633 789 opemque
659 707 757 770 Marte
785 727 854 769 oum
884 714 936 769 tuo
966 710 1018 785 (ut
1045 709 1111 787 ipss
1138 708 1197 785 ait)

280 799 514 873 propugnatore
541 790 731 871 oonfligsrst,
752 790 904 853 Sohedem
925 811 1000 852 suas
1015 792 1200 871 Disputatio·

282 877 329 936 nis
351 874 500 935 vexillum
521 876 552 935 in
573 873 684 954 vulgus
704 874 809 945 edidit,
832 894 893 953 qus
914 876 972 936 tuis
991 872 1205 936 conclusioni?

282 959 338 1020 bus
361 957 476 1019 bellum
498 957 647 1019 indixisse
672 956 728 1019 tibi
763 957 900 1031 videtur,
931 958 979 1018 eui
1010 964 1042 1019 tu
1077 958 1202 1017 minime

283 1061 427 1103 sessurus
454 1040 590 1102 libellum
619 1040 759 1115 edidisti,
786 1060 848 1119 quo
876 1041 1011 1102 vicissim
1033 1041 1072 1102 sd
1093 1041 1203 1122 Dispu-

283 1125 412 1187 tationis
433 1124 608 1185 eoniliotum
630 1124 763 1185 eundem
792 1124 930 1186 lasessis.
979 1125 1011 1187 ln
1035 1129 1097 1204 qu'o
1119 1142 1203 1205 mag·

284 1227 403 1289 sopore
424 1208 568 1268 miramur
588 1207 889 1288 ta,Dispntationem
911 1226 969 1268 nos
983 1208 1027 1269 illi
1042 1207 1203 1269 abdicasse

285 1299 337 1353 aut
357 1290 556 1371 repudiasse,
590 1298 699 1352 nonne
725 1298 851 1351 nostrae
882 1292 1019 1352 veritatis
1047 1291 1202 1353 domatum

255 1372 258 1378 '
286 1374 433 1453 seribere,
454 1374 614 1454 multoque
634 1374 804 1455 impensius
824 1373 1018 1453 admiramur,
1041 1374 1124 1453 quod
1146 1374 1204 1435 dis·

284 1458 477 1539 putationem
496 1464 580 1519 mem
601 1458 634 1517 in
654 1457 796 1535 lipsensi
816 1456 987 1538 Gymnasio
1017 1457 1202 1520 salebratum

284 1542 318 1602 iri
339 1539 527 1622 prodideris,
555 1559 623 1601 oum
644 1539 735 1601 nobis
770 1540 831 1601 has
852 1539 891 1601 de
912 1560 946 1600 re
975 1539 1050 1601 nihil
1074 1547 1204 1618 constet,

284 1644 342 1687 neo
370 1624 474 1685 loeum
501 1644 522 1683 a
547 1622 636 1684 nobis
664 1629 718 1685 aut
738 1622 894 1685 Illustriss.
917 1623 1074 1703 Prinoipe,
1109 1624 1203 1685 muni·

285 1707 487 1769 lieentissimo
509 1706 605 1768 nostri
628 1705 726 1772 studii
746 1705 938 1785 Maeeenate,
960 1707 1183 1785 impetraveris.

366 1788 501 1851 Proinde
543 1808 611 1850 eum
642 1789 704 1850 hoe
733 1790 937 1856 temeritatem
966 1790 1205 1869 praeseferat,

286 1894 304 1934 a
325 1893 388 1953 qua
408 1875 440 1935 te
453 1872 619 1934 abhorrere
630 1871 772 1950 ereditur,
794 1891 985 1952 magnopere
1006 1872 1205 1950 obtestamur,

285 1977 325 2019 ne
346 1955 439 2017 nobis
460 1955 565 2017 inseiis
586 1974 664 2017 onus
693 1955 819 2035 aliquod
846 1956 984 2036 ingeras,
1018 1963 1072 2017 aut
1097 1956 1122 2016 si
1151 1956 1205 2018 tibi

181 2104 190 2127 ,
286 2040 440 2121 integrum
469 2044 532 2115 est,
562 2037 751 2119 palinodiam
777 2038 828 2099 vel
864 2039 973 2100 saltem
1002 2041 1139 2119 receptui
1167 2038 1206 2100 de

287 2131 339 2184 tuo
375 2120 520 2183 eonfliotu
549 2141 642 2185 canas
674 2122 704 2181 in
726 2120 882 2182 literarum
904 2128 1024 2183 tuarum
1045 2140 1207 2203 responso,

287 2204 370 2285 quod
404 2225 424 2266 a
450 2211 482 2265 te
515 2203 735 2286 efflagitamus,
770 2203 871 2265 donee
903 2204 1078 2284 disputandi
1106 2205 1208 2267 looum

286 2288 369 2370 apud
391 2306 451 2349 nos
474 2287 652 2350 obtinueris.
694 2286 751 2349 liis
772 2288 879 2367 pausis
902 2287 981 2349 vale.

368 2372 481 2432 Datum
515 2370 638 2452 lipsiae
670 2368 726 2441 sub
760 2370 857 2431 nostri
885 2370 1068 2433 Reotoratns
1105 2370 1205 2451 signo,

285 2454 366 2518 xlx
387 2453 554 2517 Februarii

440 2537 531 2597 Anno
553 2536 708 2597 humanae
730 2535 837 2596 salutis
858 2534 898 2597 ll.
920 2536 958 2597 Ι).
980 2534 1062 2599 ΧΙΧ.

721 2700 773 2764 ill

523 2815 631 2881 lutheri
652 2815 687 2879 sd
709 2816 916 2883 damlostsdiun
931 2816 971 2898 ¹⁶).

286 2971 505 3035 Eruditissimo
533 2969 608 3030 Viro
635 2978 667 3032 st
685 2969 973 3050 Praestantissimo,
1004 2971 1043 3031 D.
1064 2966 1208 3028 Andreas

285 3054 476 3117 Bodenstein
499 3051 689 3131 Dorlstadio,
712 3055 888 3115 sincerioris
910 3053 1087 3133 theologiae
1110 3070 1208 3110 asser·

285 3140 344 3199 tori
367 3136 458 3198 laeile
480 3136 644 3217 primario,
665 3136 894 3199 Arelridiaoono
916 3132 1208 3214 Vuittembergensi,

411 3219 607 3298 Pmsosptori
628 3238 666 3281 ao
686 3219 794 3281 liaiori
817 3240 873 3281 suo
895 3220 927 3281 in
951 3218 1083 3281 Christo.

699 3374 791 3438 lesus.

368 3488 517 3551 Salutem.
568 3488 672 3551 Edidit
700 3489 812 3552 Dasius
846 3500 967 3563 noster,
1001 3490 1117 3570 inelyte
1150 3486 1208 3560 vir,
1322 3546 1324 3552 ,

285 3571 488 3651 Bahedulam,
518 3572 550 3633 in
579 3592 639 3653 qua
667 3574 839 3654 magniliois
871 3574 1015 3656 ampullis
1043 3569 1205 3635 verborum

357 3754 389 3823 ⁸)
410 3754 516 3810 'l'extus
533 3755 615 3809 huius
642 3772 685 3825 ap.
703 3757 837 3825 repetitus
858 3760 954 3809 estex
974 3751 1113 3807 Aurilsbri
1143 3748 1207 3803 coll.

286 3827 357 3897 Dpp.
376 3826 455 3880 Loth.
475 3826 500 3893 I,
526 3826 595 3894 158,
619 3828 680 3881 soll.
700 3844 762 3882 eum
782 3826 925 3881 edition.
944 3832 1072 3880 attextu
1093 3820 1155 3875 edit.
1174 3820 1208 3873 de

287 3899 441 3953 wettianas
459 3898 469 3948 l
489 3915 515 3967 p.
534 3898 597 3963 249,
615 3914 687 3967 quae
714 3901 838 3967 sequitur
864 3897 1001 3952 libellum:
1036 3894 1208 3962 „Disputatio

286 3969 399 4024 Domini
417 3966 484 4023 Joh.
499 3970 571 4023 Ecsii
581 3974 609 4024 at
620 3969 653 4024 D.
663 3970 848 4023 Harthuther
866 3970 894 4021 in
909 3968 1005 4023 Studio
1016 3964 1151 4035 lipsiensi
1170 3965 1210 4015 iu-

288 4048 359 4095 tura.
369 4041 466 4098 1519.“
484 4040 646 4108 (Lossahsrl
653 4041 714 4100 Rei.
723 4045 781 4096 Aet
789 4040 836 4108 111,
848 4039 908 4098 206.
920 4036 1123 4105 walchuni,
1132 4034 1207 4097 965.)
