3159 4792
265 507 268 514 '
354 492 398 560 24
491 577 495 582 ν
571 493 616 549 Ao
637 492 841 565 Aogoeerotam
860 490 1046 548 Emseruuum

355 678 456 762 telligi
476 678 621 759 volebas,
643 679 698 741 tibi
720 678 917 741 scribendum
938 684 1045 759 aperte
1066 686 1146 757 erat,
1167 678 1198 739 id
1221 685 1279 757 est,

355 764 518 827 Martinum
535 782 606 824 esse
618 763 817 838 baeretieum,
839 764 885 824 sio
898 764 1015 843 egisses
1030 762 1087 821 viri
1109 765 1279 823 eonsmntis

357 852 391 907 et
410 847 499 928 probi
521 846 666 908 officium.
710 846 789 921 Quid
819 847 900 907 enim
928 846 1024 907 refert*
1047 844 1119 907 illos
1141 848 1279 907 aooussri

357 929 397 991 de
419 930 549 1008 haeresi,
571 931 629 1009 qui·
645 930 685 990 de
706 936 838 1010 patrono
861 949 916 1009 per
937 935 967 990 te
988 928 1114 990 laudato
1146 928 1280 1010 glorian·

356 1013 427 1075 tur?
445 1013 517 1075 Non
537 1014 657 1093 cogitas
678 1013 835 1075 Bobemos
847 1032 926 1095 esse
946 1013 1107 1089 homines,
1140 1032 1203 1073 uon
1225 1032 1280 1093 pe·

356 1096 461 1172 eudes,
485 1098 536 1176 qui
559 1096 599 1158 ad
621 1097 820 1179 Aegooerote
841 1104 924 1156 tuum
949 1095 1066 1157 dicant:
1099 1095 1179 1171 Quid
1202 1112 1280 1156 oon-

357 1181 436 1241 iutat
455 1180 506 1240 bie
533 1180 634 1241 olidus
656 1180 767 1240 birous
790 1179 892 1255 Quid
914 1178 1001 1240 sibi
994 1181 1053 1260 ipsi
1074 1178 1280 1241 eontradio'it?

356 1263 406 1324 Au
429 1265 621 1343 persequitur
642 1257 860 1324 Hirooeervum
895 1269 927 1323 et
945 1262 1138 1324 Chimaeram
1161 1262 1278 1324 oerebri

356 1347 415 1421 sui,
437 1352 468 1406 et
488 1345 686 1409 Bobemosa
713 1366 747 1407 se
776 1348 809 1407 iu
831 1364 942 1409 somno
963 1346 1147 1407 lormatos?
1174 1346 1279 1407 Nubes

357 1436 389 1490 et
416 1430 521 1489 inania
558 1436 672 1509 coaptat.
738 1429 804 1490 Nos
838 1448 906 1490 eum
929 1429 1092 1489 Martinum
1120 1430 1280 1507 iaotnmus,

357 1532 448 1591 quem
470 1519 503 1574 tu
524 1512 709 1574 catholicum
740 1514 861 1576 astruis.
906 1512 985 1587 Quid
1014 1510 1104 1573 nobis
1131 1512 1170 1573 de
1198 1532 1279 1572 erro·

356 1595 463 1657 ribus?
505 1597 661 1678 Dogmata
683 1596 806 1661 Martini
835 1595 1017 1677 probamus,
1054 1614 1132 1675 quae
1154 1595 1279 1675 Lipsiae

356 1685 482 1757 tutatur,
504 1685 537 1741 et
557 1678 669 1740 libellis
692 1679 781 1740 editis
803 1678 995 1760 invulgavit?
1027 1678 1073 1739 Tu
1096 1698 1163 1743 oum
1188 1678 1279 1738 larvis

356 1781 492 1843 pugnas,
514 1768 547 1823 et
565 1762 712 1824 ridieulus
743 1762 869 1823 ououlus
898 1780 940 1823 es.
993 1761 1072 1836 Quid
1107 1762 1157 1822 hio
1185 1761 1279 1838 dices,

356 1844 501 1906 Ruffine?
523 1846 572 1905 An
594 1848 666 1925 quia
684 1845 832 1907 saeerdos
846 1846 971 1905 Domini
984 1864 1028 1921 es,
1050 1844 1108 1905 ibis
1130 1846 1280 1935 gaudens7

356 1927 441 2007 quod
463 1927 575 2009 dignus
596 1930 639 1988 sis
661 1928 879 1989 coutumeliam
898 1928 963 2007 pati
986 1946 1042 2007 pro
1059 1928 1192 1989 Domino
1215 1935 1280 2005 tuo,

356 2030 395 2070 eo
418 2011 546 2088 soilioet,
568 2014 619 2090 qui
643 2018 692 2071 est
714 2018 801 2090 pater
822 2010 990 2087 mendacii,
1020 2012 1106 2071 ouius
1129 2012 1213 2071 tuin
1237 2010 1279 2069 di·

354 2092 473 2154 oeudae
493 2095 612 2155 veritat'
604 2114 630 2155 rs
591 2094 812 2155 tiuuutione
833 2094 920 2155 testis
942 2093 998 2153 es?

437 2175 527 2251 Quod
555 2178 581 2237 si
610 2176 756 2259 dogmata
791 2196 862 2237 mea
894 2182 985 2237 ettu
1013 2194 1087 2235 vera
1114 2175 1279 2254 arbitraris,

356 2259 506 2341 plaudant
517 2259 658 2339 Bobemi,
680 2260 762 2339 quod
784 2264 919 2341 patrono
931 2260 1123 2339 Hieronymo
1138 2258 1278 2339 Emsero‚

355 2342 468 2403 christi
497 2342 659 2404 saoerdote
688 2352 718 2404 et
745 2350 825 2403 teste
853 2344 1005 2420 veritatis,
1032 2341 1201 2438 probantur
1230 2360 1279 2402 oa-

354 2425 461 2487 tboliei
483 2428 516 2487 et
528 2426 788 2505 Ghnstranrssrmr,
811 2432 845 2486 ut
865 2428 917 2506 qui
940 2444 996 2505 pro
1014 2426 1112 2485 verite
1112 2424 1279 2507 tepubliea

354 2526 443 2569 saera
462 2509 609 2569 iecerunt.
653 2509 791 2570 Moereat
806 2509 915 2588 Roma,
938 2509 1072 2569 insaniat
1084 2507 1196 2567 Eooius
1218 2508 1278 2568 for·

356 2591 491 2651 tissimus
519 2591 704 2673 t,heologus
738 2592 846 2652 infelix
874 2593 1035 2653 Romanae
1072 2590 1224 2651 eeclesiae
1247 2599 1279 2651 et

352 2672 442 2735 Sedis
463 2674 656 2755 apostolieae
678 2674 832 2746 defensor
855 2675 1041 2756 Aegooerot'
1033 2694 1072 2733 is
1020 2674 1170 2735 thuius
1192 2694 1277 2753 prae-

353 2764 477 2854 ereptor,
506 2758 590 2837 quod
618 2759 814 2819 inveniuntur
840 2758 996 2819 Bobemos
1031 2756 1220 2817 mendaoiter
1248 2764 1307 2817 et

353 2842 458 2919 inique
479 2859 536 2919 pro
561 2840 723 2902 haereticis
745 2841 983 2918 habuisse,1m0
1007 2840 1135 2901 doleant
1148 2840 1277 2901 Bohemi

355 2923 608 2985 amendaeet
578 2931 608 2984 et
630 2924 757 3006 bilingui
778 2944 813 2985 se
835 2923 987 3003 laudatos,
1010 2930 1041 2985 et
1061 2922 1217 3004 gaudeant
1238 2923 1278 2984 ab
1337 2970 1339 2975 .

354 3005 466 3067 eodem
488 3026 522 3067 se
542 3008 743 3104 vituperatos.
788 3023 793 3037 ⁴

435 3089 583 3151 Nonne
574 3110 636 3151 ram
664 3099 696 3152 ιιι
718 3092 786 3170 ipse
808 3090 959 3150 Patronus
991 3090 1090 3150 iaetus
1123 3107 1156 3148 es
1180 3088 1277 3150 Bobe-

355 3192 489 3246 morum
512 3172 606 3252 quod
639 3194 689 3234 me
722 3180 811 3233 tanta
847 3171 945 3233 buoea
980 3179 1072 3235 tonas
1103 3171 1277 3252 repulisse?

356 3255 458 3332 Disoe,
481 3254 613 3331 Rudiae,
634 3255 709 3315 illud
730 3253 951 3337 Sapientis*):
986 3254 1044 3329 Qui
1067 3254 1230 3335 loquitur
1223 3256 1277 3316 mi-

355 3355 425 3415 qua,
460 3356 523 3397 uon
545 3344 650 3417 potest
672 3339 782 3416 latere,
817 3356 876 3397 neo
905 3339 1071 3418 praeteriet
1101 3338 1187 3398 illum
1211 3356 1277 3398 eor·

354 3421 470 3501 ripiens
490 3419 647 3500 iudioium,
671 3422 817 3500 quoniam
848 3422 929 3481 auris
951 3421 1031 3483 eoeli
1054 3421 1138 3481 audit
1163 3422 1276 3496 omnia,

353 3512 384 3564 et
406 3504 457 3583 qui
482 3504 621 3564 eontinet
642 3505 763 3582 omnia,
785 3505 946 3565 seientiam
969 3503 1062 3565 habet
1084 3504 1187 3581 vocis,
1211 3504 1276 3583 Spi-

351 3588 427 3647 ritus
459 3587 540 3646 euim
565 3586 689 3648 Domini
721 3587 854 3667 replevit
888 3588 993 3651 orbem
1029 3594 1187 3649 terrarum.
1236 3586 1278 3648 Elt

352 3669 428 3730 illud
441 3668 543 3732 lisele.
560 3673 611 3735 10:
633 3670 667 3731 In
686 3672 877 3750 eogitatione
899 3679 951 3732 tua
973 3690 1012 3732 ne
1034 3669 1178 3731 detrahas
1200 3670 1277 3751 regi,

307 3802 313 3813 .
353 3754 437 3812 etin
459 3759 578 3813 seereto
609 3754 740 3815 eubieuli
776 3755 819 3813 tui
858 3774 920 3828 non
954 3753 1151 3816 maledixeris
1180 3752 1277 3832 diviti,

290 3863 296 3873 1
352 3836 423 3915 quia
446 3843 477 3896 et
497 3856 572 3897 aves
594 3837 674 3898 ooeli
696 3836 864 3917 portabunt
884 3857 994 3899 vooem
1024 3845 1126 3913 tuam,
1161 3843 1193 3897 et
1224 3838 1277 3917 qui

379 4085 384 4097 „
424 4019 455 4083 ⁸)
479 4018 554 4088 Sopi.
574 4020 597 4074 1.
