3159 4792
333 473 376 551 2ss
534 444 587 531 ’Ad
606 484 809 550 enocerotas
828 480 1011 541 murinum

336 664 421 728 omui
452 673 577 748 oportet
608 667 720 731 studio.
770 668 893 749 Deinde
934 669 1049 749 scripta
1083 675 1260 732 nostrorum

337 750 444 811 nescio
483 769 574 829 quam
608 752 804 812 oscitantiam
827 772 1036 833 nauseamque
1070 754 1188 833 spirant
1222 750 1262 814 de

336 831 448 893 fiducia
469 839 501 893 et
529 833 709 913 securitate,
741 855 834 915 quam
866 835 1015 897 habemus
1049 837 1079 895 in
1111 835 1261 915 opinione

335 916 429 997 vulgi,
452 936 491 977 ex
514 925 619 977 nostro
643 917 737 979 verbo
760 918 940 999 pendentis,
968 926 999 980 et
1019 924 1176 999 potestate
1197 918 1260 993 3⁰:

337 999 420 1061 mani
442 998 598 1078 pontilicis
620 1007 727 1063 nostra
746 1002 916 1082 probantis.
946 1001 1011 1065 Nos
1034 1000 1260 1076 describimus,
1380 1015 1383 1021 ·

336 1090 370 1143 ut
391 1083 416 1141 si
445 1082 520 1143 nihil
557 1092 775 1165 promoveant,
809 1104 889 1165 quae
927 1085 1115 1160 scribimus(
1138 1082 1261 1163 sufficit,

336 1164 419 1244 quod
453 1165 547 1247 vulgo
582 1175 689 1228 nostro
722 1175 755 1228 et
781 1168 924 1229 Romano
957 1166 1095 1248 pontifici
1124 1167 1260 1247 placent,

334 1255 428 1327 atque
448 1248 499 1310 hia
522 1255 569 1311 est
589 1248 659 1311 finis
681 1258 808 1313 nostrae
828 1252 1023 1331 scriptionis,
1056 1251 1131 1311 nihil
1160 1269 1261 1330 aeque

334 1332 496 1410 finiemus,
534 1351 625 1411 quam
656 1351 696 1395 ne
723 1334 798 1413 quid
832 1335 988 1412 elabatur,
1021 1333 1103 1414 quod
1122 1332 1261 1397 offendat

280 1468 284 1472 .
334 1414 508 1477 Romanurn
531 1414 721 1479 Pontificem.
764 1416 835 1493 Qua
855 1419 977 1479 rationo
997 1416 1046 1494 fit,
1070 1423 1103 1477 ut
1124 1418 1203 1477 sicut
1225 1415 1260 1477 li·

335 1496 410 1561 bera
432 1516 495 1559 non
518 1499 688 1578 scribimus,
709 1502 753 1561 ita
772 1500 849 1561 nihil
870 1498 1050 1562 efficiamus.

416 1580 462 1643 Tu
485 1601 567 1643 nunc
583 1582 660 1645 ‚vide
680 1584 786 1663 verba,
807 1583 1009 1664 imprudentis
1031 1590 1102 1645 tuae
1122 1581 1259 1646 invidiae

333 1665 457 1725 veracia
478 1667 672 1743 testimonia,
699 1668 757 1728 etsi
787 1668 857 1747 ipsa
878 1667 1055 1745 mendacia,
1083 1686 1132 1727 me
1154 1666 1259 1727 catho-

334 1747 424 1808 licum
447 1750 577 1826 asseris,
610 1750 702 1811 simul
731 1756 763 1811 et
790 1750 938 1831 dogmata
960 1769 1081 1813 asseras
1105 1748 1260 1811 catholica

332 1848 461 1892 necesse
485 1838 551 1910 est,
581 1839 614 1893 et
640 1834 707 1911 quis
736 1841 784 1893 est
805 1834 889 1894 furor
911 1834 1077 1913 impietatis
1101 1839 1189 1909 tuae,
1226 1838 1261 1895 ut

333 1932 388 1993 pro
426 1913 588 1975 catholicis
621 1914 819 1994 dogmatibus
855 1935 918 1977 non
957 1916 1056 1977 solum
1088 1915 1259 1997 indigneris

334 1995 527 2076 sacratiori,
557 1998 728 2061 sedetiam
764 1998 904 2079 appelles
931 2000 1078 2079 profana,
1101 1998 1258 2061 abomina-

335 2078 419 2158 bilia,
440 2080 668 2144 exsecrabilia?
690 2081 850 2163 lntelligis,
874 2081 957 2161 quod
972 2082 1078 2162 cahos,
1101 2080 1185 2161 quod
1206 2101 1258 2162 pe·

334 2162 424 2243 lngus
444 2167 653 2225 monstrorum
680 2183 722 2225 ex
751 2165 811 2225 bac
843 2166 997 2227 sententia
1024 2164 1190 2245 sequatur?
1225 2170 1260 2225 ut

334 2245 406 2307 hinc
433 2252 464 2307 te
494 2246 584 2309 facile
619 2248 757 2328 peiorem
785 2248 927 2309 omnibus
948 2248 1112 2309 haereticis
1134 2255 1166 2309 et
1187 2246 1259 2309 dae·

335 2329 477 2391 monibus
499 2331 616 2410 possim
638 2332 797 2393 asserere?
821 2330 901 2407 Quid
921 2332 1004 2393 enim
1026 2350 1088 2393 non
1111 2331 1207 2393 saciat
1228 2338 1260 2393 et

335 2413 471 2490 omittat,
507 2414 558 2493 qui
586 2432 642 2494 pro
673 2416 803 2495 veritate
840 2433 929 2477 sacra
965 2414 1046 2479 facta
1075 2415 1260 2495 pronunciat

296 2552 301 2557 .
334 2494 484 2574 profana?
520 2496 613 2576 Esto,
642 2498 704 2559 sint
723 2498 853 2559 Bohemi
883 2498 1046 2578 haeretici,
1076 2503 1110 2558 at
1133 2496 1258 2576 quaudo

334 2596 391 2657 pro
412 2579 543 2659 ventate'
565 2588 664 2659 orant,
688 2600 777 2641 sacra
798 2581 878 2642 haec
899 2588 931 2641 tu
944 2582 1074 2661 prolana
1095 2580 1192 2641 audes
1210 2580 1261 2643 di-

335 2661 431 2722 cere?
474 2662 523 2723 An
544 2682 648 2738 ,sacra
680 2682 737 2744 pro
765 2663 933 2727 mendaciis
962 2664 1044 2725 lacta
1075 2670 1183 2725 sancta
1206 2662 1261 2727 tibi

334 2743 497 2805 Videntur?
821 2766 845 2801 κ’

418 2826 497 2903 Quid
531 2829 628 2890 sentis
657 2828 698 2891 dc
731 2831 807 2891 meis
830 2829 941 2909 sacris,
976 2848 1057 2909 quae
1088 2847 1145 2909 pro
1174 2834 1205 2891 te
1228 2836 1261 2891 et

333 2909 429 2972 accio
457 2911 537 2973 facio
565 2931 680 2993 magno
701 2912 829 2992 affectu,
859 2931 926 2974 cum
959 2911 1013 2975 tibi
1035 2918 1067 2973 et
1087 2912 1131 2973 illi
1153 2910 1260 2977 haere·

334 2993 412 3056 tens
434 2994 561 3057 videar?
582 2995 690 3075 Neque
706 2998 788 3058 enirn
802 2997 903 3060 habeo
919 2995 1039 3074 (crede,
1061 3014 1125 3058 uon
1137 2995 1261 3073 oredo),

334 3076 445 3157 quibus
468 3098 517 3139 me
538 3079 607 3159 plus
629 3080 743 3141 debere
758 3078 832 3141 mihi
855 3080 978 3158 videar,
1012 3085 1043 3141 et
1069 3096 1126 3159 pro
1149 3078 1260 3159 quibus

334 3160 492 3222 ardentius
514 3180 615 3241 orem,
638 3181 731 3241 quam
753 3182 809 3242 pro
833 3162 969 3223 iohanne
993 3160 1148 3242 Tetaelio,
1170 3162 1260 3226 huius

334 3242 515 3323 tragoediae
536 3251 663 3324 autore,
684 3246 770 3305 cuius
793 3245 896 3305 anima
918 3246 1008 3306 sitin
1032 3264 1127 3326 pace,
1149 3251 1181 3306 et
1201 3265 1259 3325 pro

333 3330 366 3387 te
386 3325 537 3404 etEooiO,
558 3327 763 3407 omnibusque
774 3326 960 3389 adversariis
974 3329 1061 3407 meis,
1083 3328 1162 3389 adeo
1186 3328 1259 3389 mihi

268 3416 270 3419 ’
334 3406 484 3488 prodesse
505 3411 606 3471 sentio
627 3411 831 3473 adversarios.
875 3410 949 3473 Sine
970 3430 1061 3491 ergo,
1084 3411 1192 3473 infelix
1213 3412 1257 3473 in-

334 3491 427 3568 vidia,
449 3510 505 3572 pro
519 3492 715 3573 dogmatibus
737 3495 814 3557 meis
836 3513 926 3557 sacra
944 3492 1020 3572 lieri,
1041 3494 1093 3555 vel
1113 3494 1261 3569 a'lurca3

334 3575 433 3636 nolite
456 3574 621 3657 prohibere
645 3597 726 3655 eum,
748 3579 801 3657 qui
822 3596 885 3641 non
908 3584 958 3640 est
978 3584 1087 3639 contra
1108 3596 1180 3654 vos,
1202 3597 1259 3658 pro

335 3657 425 3719 vobis
447 3665 504 3734 est,
525 3658 603 3721 dixit
625 3661 772 3723 Christus.
814 3660 878 3723 Aut
898 3661 1029 3741 primum
1058 3678 1108 3721 me
1128 3660 1260 3721 haereti·

334 3759 405 3802 oum
428 3749 461 3802 et
480 3740 628 3825 dogmata
649 3744 807 3807 haeretios
829 3742 969 3820 ostende,
990 3762 1031 3804 ne
1044 3743 1129 3805 rabie
1150 3744 1260 3805 insana

333 3824 402 3887 Dec
435 3826 589 3904 praeferre
619 3828 749 3909 incipias
782 3826 962 3905 diabolum,
1000 3832 1032 3887 et
1062 3825 1259 3889 mendacium

334 3908 464 3969 veritati
530 3950 534 3961 -

414 3989 618 4073 arbitram
652 3993 768 4074 lector,
797 4013 848 4059 ma
875 3991 1074 4074 Acgccsrota
1101 3990 1184 4059 huus
1211 4012 1261 4055 aa·
