3159 4792
500 500 552 554 pro
571 486 773 542 Laborantibus
785 490 821 540 ⁴ot
839 485 976 540 Oneratis.
1139 483 1202 550 129

298 707 427 789 Onput
448 706 515 770 Vll.
538 706 582 769 de
604 712 761 789 speotro
784 697 973 789 septimo,
996 695 1100 788 duod
1122 716 1183 769 est

376 792 521 853 bonum
543 810 769 873 supernum,
791 810 858 853 seu
880 810 994 872 supra
1015 811 1094 855 nos.

356 926 442 988 Nihil
470 927 509 989 de
540 928 673 988 oeternis
700 935 736 988 st*
760 924 947 990 coelestibus
969 927 1058 989 bonis
1079 927 1202 1008 loquor,

278 1009 388 1089 quibus
411 1010 493 1072 beati
515 1011 653 1071 fruuntur
673 1010 704 1070 in
727 1012 848 1071 visione
869 1010 953 1071 alara
974 1010 1047 1089 Dei,
1069 1018 1122 1071 aut
1143 1012 1201 1071 ssl-

277 1100 337 1154 tem
367 1092 407 1154 de
435 1095 479 1155 eis
506 1095 537 1154 in
566 1093 628 1155 lide
657 1094 786 1173 loquor,
816 1101 850 1155 et
878 1112 939 1173 quo
966 1094 1085 1155 ratione
1111 1094 1201 1156 nobis

276 1182 409 1257 possunt
439 1196 508 1238 esse
536 1176 837 1257 comprehensibilia.
880 1178 927 1238 lta
954 1175 1015 1238 h'oo
1037 1179 1201 1258 septimum

275 1266 431 1339 spectrum
459 1266 507 1321 est
529 1262 611 1321 lesus
640 1258 788 1321 Christus·
808 1279 864 1321 rex
891 1260 1010 1341 gloriae
1036 1278 1201 1342 resurgens

276 1362 318 1403 ex
335 1344 474 1423 mortuis,
496 1344 575 1404 siout
594 1342 675 1403 idem
698 1343 754 1403 fuit
775 1345 938 1424 septimum
961 1349 1115 1423 spectrum
1139 1362 1201 1404 ms·

276 1425 377 1495 lorum
401 1445 521 1507 passus,
543 1427 676 1487 moriens
699 1433 729 1487 et
751 1426 899 1507 sepultus.
926 1426 984 1487 Hie
1002 1427 1107 1488 videre
1130 1427 1202 1487 lieet

275 1528 427 1569 summum
458 1508 560 1571 sordis
595 1510 692 1570 nostri
720 1510 866 1590 gaudium
894 1516 925 1569 et
952 1511 1074 1571 stabilia
1102 1509 1199 1571 bons:

276 1592 351 1653 nibil
374 1592 426 1653 bio
448 1611 574 1673 prorsus
596 1592 760 1669 malorum,
783 1594 856 1673 quia
877 1592 1015 1653 Christus
1037 1593 1201 1673 resurgens

275 1694 315 1735 ex
344 1678 472 1737 mortuis
505 1676 566 1735 iam
596 1694 659 1736 non
683 1679 823 1758 moritur,
854 1694 937 1736 mors
964 1675 1008 1736 illi
1036 1676 1115 1736 ultra
1136 1694 1199 1736 non

275 1758 493 1823 dominabitur.
523 1758 580 1819 Hio
600 1766 648 1820 est
669 1760 807 1819 eominus
830 1759 966 1819 osritatis
989 1768 1021 1819 et
1041 1759 1121 1839 ignis
1143 1758 1202 1819 Dei

275 1844 305 1902 in
327 1842 424 1918 Zion,
454 1848 488 1902 ut
515 1841 574 1902 Isa.
602 1840 735 1925 dioit*),
758 1842 895 1903 Christus
926 1842 1006 1902 enim
1035 1850 1126 1903 natus
1154 1849 1203 1903 est

275 1924 381 2004 nobis,
412 1942 475 1992 non
502 1924 603 1985 solum
631 1932 750 2005 autem,
778 1925 833 1986 sed
861 1931 893 1986 et
920 1924 1010 1986 datus
1032 1932 1080 1986 est
1101 1925 1201 1986 nobis.

276 2008 381 2083 Quare
395 2008 578 2069 resurreotio
597 2009 663 2069 eius
687 2027 756 2070 mea
778 2015 835 2088 est,
857 2016 890 2069 et
910 2012 1023 2087 omnis,
1046 2028 1125 2089 quse
1148 2028 1202 2089 per
1237 2054 1243 2063 „

276 2092 534 2153 resurrectionem
556 2110 642 2152 suam
666 2100 812 2171 operatus
833 2099 889 2153 est.
932 2091 973 2152 ut
995 2090 1050 2174 (ut
1065 2093 1200 2173 Aposto-

274 2174 321 2235 lus
351 2175 442 2237 Rom.
469 2178 498 2240 8.
530 2174 804 2235 exuberantissime
831 2173 1015 2257 gloriatur),
1043 2172 1199 2254 quomodo

276 2276 339 2319 uon
363 2259 468 2319 omnia
490 2257 590 2319 nobis*
603 2257 731 2319 donavit
752 2278 821 2319 oum
842 2257 918 2318 illo?

359 2340 442 2415 Quid
471 2347 573 2401 autem
603 2348 748 2421 operatus
770 2348 819 2401 est
845 2339 1057 2421 resurgendo-i
1087 2358 1200 2419 nempe

275 2432 439 2506 peoeatum
475 2424 641 2503 destruxit,
674 2424 821 2486 iustitiam
856 2425 1029 2503 suscitavit,
1070 2430 1199 2483 mortem

275 2509 451 2588 absumpsit
473 2513 505 2568 et
525 2508 618 2568 vitam
640 2506 782 2589 reddidit,
805 2508 956 2568 infernum
977 2508 1060 2584 vioit,
1083 2512 1114 2567 st
1135 2506 1200 2587 glo·
1317 2536 1324 2548 κ

276 2592 354 2651 riam
377 2592 595 2671 sempiternam
618 2591 756 2652 eontulit.
796 2590 883 2651 Haeo
903 2600 976 2651 sunt
995 2588 1200 2651 inoestimabi-

276 2674 325 2753 lia,
348 2676 394 2735 ita
410 2685 443 2734 nt
461 2693 547 2735 mens
569 2674 703 2735 hominis
725 2676 778 2735 vix
799 2674 914 2736 audeat
936 2693 974 2735 ea
995 2673 1122 2734 eredere
1143 2672 1200 2734 sibi

276 2756 395 2819 donata
422 2776 507 2836 esse,
533 2757 618 2817 velut
646 2756 739 2819 Iaoob
767 2756 864 2821 Gerre.
891 2760 948 2835 45,
982 2776 1051 2817 oum
1082 2753 1202 2817 eudirot

277 2839 371 2902 filium
404 2860 492 2901 suum
513 2839 624 2920 loseph
652 2860 782 2921 regnare
803 2842 834 2901 in
856 2840 1018 2922 Aegypto,
1048 2841 1134 2919 quasi
1161 2840 1200 2900 de

277 2926 363 3004 gravi
381 2941 492 2985 somno
509 2922 659 3004 evigilans
684 2943 747 2985 non
771 2922 919 2984 credebat
940 2924 994 3000 eis,
1017 2922 1119 2983 donee
1139 2922 1200 2981 illis
1312 2931 1316 2936 ’

276 3006 485 3088 repetentibus
526 3008 630 3068 omnia
668 3007 806 3087 plaustra
844 3024 968 3085 quoque
1002 3002 1201 3066 ostenderent

279 3092 371 3151 missa
393 3088 549 3171 sloseph.
581 3090 627 3151 lts
648 3110 720 3151 vere
743 3088 869 3150 diffieile
890 3096 943 3149 est
959 3086 1094 3165 eredere,
1115 3093 1201 3147 tants

279 3173 360 3235 bona
383 3173 478 3235 nobis
494 3173 629 3254 indignis
650 3174 681 3233 in
705 3173 826 3235 Christo
849 3171 978 3250 collata,
1009 3171 1069 3232 nisi
1098 3170 1200 3230 multis

279 3257 393 3335 verbis,
423 3276 462 3317 ao
488 3264 522 3316 ut
548 3255 652 3317 multis
674 3254 928 3337 apparationibus
951 3274 1021 3316 sese
1043 3253 1200 3337 disoipulis

279 3341 560 3417 manifestavitits
582 3358 640 3400 nos
662 3339 796 3419 tandem,
820 3340 904 3400 velut
917 3339 1072 3421 plsustris,
1095 3356 1151 3398 usu
1170 3344 1202 3397 et

277 3424 469 3505 experientis
489 3423 601 3484 dooest
622 3424 665 3483 its
687 3422 821 3488 eredere.

358 3505 533 3568 Plaustrum
562 3525 639 3567 sane
669 3513 717 3567 est
738 3508 969 3584 suavissimum,
998 3504 1080 3585 quod
1102 3504 1201 3563 faetus

277 3598 324 3652 est
344 3590 437 3651 nobis
458 3590 584 3668 iustitio,
606 3588 822 3666 sanotifloatio,
843 3589 1027 3669 redemptio,
1049 3587 1201 3667 sapientia

278 3692 298 3732 n
317 3673 403 3751 Deo,
432 3680 474 3733 ut.
499 3677 527 3735 1.
552 3672 623 3734 (lor.
647 3676 674 3735 1.
698 3672 870 3752 Apostolus
899 3671 987 3732 dioit:
1021 3670 1090 3751 Ego
1119 3672 1200 3729 enim

349 3931 380 3993 ⁸)
401 3931 467 3984 Issi.
489 3929 532 3984 31.
568 3929 621 3982 lss.
640 3928 666 3985 9.

307 4034 397 4075 naues
411 4044 463 4084 opp.
478 4034 505 4075 v.
516 4034 543 4073 a.
558 4034 587 4073 ss
600 4033 641 4074 ser.
655 4032 705 4072 nat.
720 4032 734 4071 s.
748 4007 834 4080 psvol
845 4031 883 4071 ιν.
1001 3997 1021 4057 9
