3159 4792
356 492 420 559 118
586 446 696 546 suun.
716 490 828 550 [lenset
850 485 935 545 Ml.
954 488 1067 542 bntberl

357 698 414 743 nos
436 686 468 741 at
489 698 647 741 semones
677 680 791 757 suanir
825 684 860 738 et
888 679 1016 739 Paulus:
1034 676 1106 752 'Qui
1136 672 1281 757 operatur

359 764 463 827 numia
486 764 516 823 in
540 762 639 823 nobis.

402 896 407 901 .
443 845 522 921 Quin
546 865 620 926 ergo
644 845 840 925 pudasoimus
862 846 1010 907 insensati
1039 852 1071 905 et
1092 840 1281 916 durioordes,

358 930 410 1011 qui
431 931 555 1009 propria
576 929 769 1009 experientia
790 928 874 989 dooti
896 929 1053 1006 videmus,
1085 946 1176 1007 quam
1198 924 1281 986 solli-

358 1014 434 1074 eitns
457 1031 513 1092 pro
536 1012 625 1073 nobis
649 1013 790 1073 fueritin
814 1012 896 1072 huno
923 1013 1029 1073 horum
1054 1012 1221 1085 Dominus,
1251 1013 1282 1068 et

360 1098 464 1157 omniu
487 1095 577 1156 uobis
599 1095 682 1156 bona
704 1094 845 1172 dederit,
873 1095 1003 1156 neudum
1024 1112 1188 1176 possumus
1211 1112 1282 1153 ean·

360 1177 429 1239 dem
452 1179 548 1240 nostri
571 1198 674 1239 euram
698 1180 778 1239 siin
800 1179 929 1257 parvulo
951 1179 1106 1259 praesenti
1119 1177 1202 1237 malo
1223 1182 1281 1236 tra

361 1262 444 1339 dere,
466 1280 504 1321 ao
525 1262 568 1322 ita
589 1262 733 1339 lauimus,
763 1264 850 1341 quasi
870 1262 924 1323 ille
946 1280 1005 1323 nos
1024 1262 1196 1339 reliquerit,
1229 1265 1284 1319 ant

362 1345 533 1425 relinquere
556 1344 619 1405 nllo
644 1344 736 1409 modo
761 1344 881 1425 possit?
912 1346 982 1407 Non
1011 1345 1055 1405 siu
1077 1344 1157 1405 Psal.
1181 1340 1282 1423 39¹):

362 1428 430 1509 Ego
454 1447 527 1488 vero
552 1448 667 1509 egenus
691 1436 722 1488 et
742 1448 869 1509 pauper,
891 1429 1041 1489 Dominus
1063 1427 1213 1488 sollicitus
1236 1431 1284 1484 est

360 1512 429 1571 mei.
474 1510 532 1571 Ubi
547 1512 577 1572 B.
599 1511 805 1593 Augustinus:
827 1512 947 1572 Habeat
969 1530 1071 1572 euram
1093 1510 1146 1588 tui,
1169 1510 1221 1589 qui
1241 1508 1283 1569 fe-

324 1648 327 1655 .
362 1596 403 1654 eit
425 1603 464 1672 te,
487 1596 538 1674 qui
561 1594 667 1655 hebuit
689 1614 792 1655 euram
815 1597 867 1671 tui,
884 1601 1048 1674 antequam
1070 1611 1166 1655 esses.
1202 1591 1284 1667 Quo-

364 1677 457 1739 modo
480 1696 542 1738 non
566 1678 692 1741 habebit
713 1699 832 1756 euram,
862 1698 930 1738 enm
952 1680 1012 1739 iarn
1033 1677 1094 1738 hoo
1116 1696 1149 1737 es
1199 1674 1283 1754 quod

362 1760 459 1820 voluit
481 1769 513 1819 ut
535 1760 639 1821 esses?
661 1761 703 1821 At
724 1781 780 1823 nos
800 1763 959 1842 imperinm
982 1781 1049 1823 oum
1061 1760 1129 1821 Deo
1152 1723 1284 1821 divisum

362 1844 545 1923 accipimus,
569 1844 611 1904 illi
634 1845 811 1923 tribuimus,
839 1844 921 1923 qnod
949 1845 1058 1905 feeerit
1085 1864 1157 1922 nos,
1190 1849 1285 1921 atque

361 1924 391 1985 id
414 1928 513 2004 ipsum
539 1935 640 1987 tamen
664 1928 715 1987 vix
736 1935 789 1987 ant
811 1926 968 2010 tepide2),
991 1925 1081 1989 nobis
1103 1943 1283 2006 arrogemus

363 2028 465 2068 euram
490 2010 601 2085 nostri,
631 2010 717 2087 quusi
746 2010 798 2069 ille
820 2010 926 2071 feeerit
947 2029 1008 2075 nos,
1027 2019 1058 2070 et
1081 2028 1155 2072 mox
1176 2007 1286 2068 abierit

364 2091 476 2151 relictis
500 2090 589 2151 nobis
610 2092 640 2151 in
667 2099 771 2153 nostra
794 2113 884 2153 menn
906 2092 1059 2174 regendis.

446 2172 536 2248 Quod
559 2174 583 2234 si
607 2175 696 2237 nobis
719 2183 825 2237 nostra
847 2175 972 2239 obstant
989 2176 1142 2255 sapientia
1163 2182 1194 2233 et
1212 2192 1284 2233 nou-

363 2256 449 2333 siliu,
479 2265 512 2316 ut
532 2257 613 2317 hano
633 2278 735 2319 euram
759 2258 815 2319 Dei
838 2278 930 2340 snper
952 2279 1009 2320 nos
1031 2278 1092 2319 non
1115 2256 1285 2333 videamus,

364 2338 436 2402 dum
460 2340 538 2401 forte
561 2341 656 2401 multa
678 2343 837 2403 evenerint
859 2340 1027 2403 seeundum
1045 2347 1150 2403 nostra
1172 2358 1284 2421 propo-

291 2460 294 2470 .
365 2424 443 2501 sita,
468 2423 628 2483 redeamus
651 2443 719 2483 enm
742 2424 823 2485 Psal.
848 2426 950 2491 118³)
975 2425 1015 2485 ad
1037 2431 1174 2485 nostrum
1196 2422 1283 2483 intui·

364 2512 442 2565 tum:
465 2506 534 2566 Non
558 2513 605 2566 est
627 2506 812 2568 occultatum
835 2527 869 2569 os
892 2515 993 2569 meum
1017 2529 1036 2569 a
1057 2514 1104 2583 te,
1133 2504 1215 2585 quod
1239 2506 1286 2565 fe-

365 2588 432 2647 oisti
454 2589 485 2646 in
508 2588 646 2667 osuulto,
669 2588 699 2649 id
723 2597 786 2663 est,
809 2609 881 2652 ussa
904 2611 973 2654 mes
1001 2592 1032 2651 in
1055 2596 1163 2651 ventre
1182 2589 1287 2649 aratris

365 2678 396 2730 tu
421 2669 556 2747 videbas,
581 2680 611 2731 et
622 2672 787 2749 formabas,
811 2674 934 2753 quaudo
957 2693 1017 2755 ego
1031 2672 1167 2734 nondum
1191 2691 1286 2749 eram,

366 2753 488 2833 qnando
512 2763 609 2815 mater
632 2775 700 2819 mea
728 2756 864 2817 nondum
888 2757 1021 2837 sciebat,
1045 2756 1116 2837 quid
1138 2753 1226 2815 fieret
1253 2756 1285 2814 in

366 2856 412 2909 eu,
436 2844 467 2897 et
488 2836 659 2899 substantia
682 2859 751 2899 mea
771 2842 802 2900 in
826 2839 1017 2901 interioribus
1040 2846 1156 2915 terrae,
1177 2836 1206 2898 id
1229 2845 1288 2914 est,

365 2918 471 2999 figure,
495 2938 549 2981 seu
571 2920 673 2983 forma
693 2925 832 3003 eorporis
855 2924 925 2998 mei,
947 2924 978 2983 in
993 2922 1160 2983 viseeribns
1173 2920 1287 2981 infimis

366 3004 469 3063 metris
493 3024 599 3082 meae,
629 3006 718 3065 etiam
748 3026 809 3067 non
832 3007 887 3068 luit
910 3005 963 3067 tibi
985 3004 1182 3083 abscondita,
1215 3004 1287 3082 quis

365 3084 518 3147 formabas
542 3096 572 3147 tu
595 3106 673 3148 earn.
944 3142 950 3152 ,

447 3168 526 3244 Quid
557 3172 636 3231 enim
666 3173 713 3231 his
742 3171 842 3232 verbis
867 3172 948 3249 vult,
983 3172 1040 3232 uisi
1072 3171 1187 3253 ingenti
1226 3169 1290 3231 hoe

366 3252 510 3333 exemplo
533 3253 622 3313 nobis
645 3254 820 3330 ostendere,
842 3272 932 3333 quarn
952 3254 1035 3315 Deus
1059 3254 1155 3315 nostri
1177 3250 1283 3323 siue⁴)

366 3334 454 3393 nobis
480 3354 601 3415 semper
631 3327 735 3397 euram
763 3336 922 3398 habuerit?
965 3334 1040 3412 Quis
1074 3339 1154 3399 enim
1181 3338 1290 3417 potest

365 3416 488 3497 gloriari
523 3437 556 3478 se
590 3425 810 3497 cooperatum,
841 3428 874 3479 nt
907 3419 1088 3481 formaretur
1116 3421 1148 3481 in
1177 3418 1287 3478 utero?

366 3498 441 3577 Quis
466 3498 551 3561 dedit
572 3502 660 3561 matri
684 3521 803 3579 ouram,
827 3509 859 3563 ut
881 3502 1026 3579 lactaret,
1047 3504 1183 3579 foveret,
1203 3520 1286 3562 amn

365 3593 420 3659 ret,
443 3590 474 3642 et
496 3586 599 3644 omnia
627 3584 680 3645 illa
711 3593 847 3647 materna
882 3584 984 3647 offroia
1011 3586 1186 3663 exhiberet,
1215 3603 1287 3646 oum

367 3686 422 3728 nos
447 3668 576 3728 neudum
609 3669 789 3729 sentiremus
818 3670 912 3730 vitum
941 3669 1100 3731 nostram?
1144 3669 1288 3749 Denique

366 3770 493 3831 quorum
524 3752 581 3811 uisi
603 3752 633 3811 iu
665 3751 732 3812 aliis
763 3754 874 3813 similia
900 3753 982 3817 faeta
1014 3753 1152 3816 videntes
1181 3752 1287 3815 orade-

450 3941 479 4001 1)
502 3892 594 3994 ln—e‘d.
614 3939 691 3995 don:
711 3942 782 3993 Pssl.
802 3940 844 3996 40.
865 3940 897 4006 2)
919 3940 1002 3995 lbid.:
1020 3940 1133 4010 trepide.
1152 3939 1184 4008 3)
1205 3940 1289 3995 ibid:

1024 4002 1028 4016 l

366 4008 429 4064 lus.
463 4009 495 4076 l)
516 4010 547 4063 ln
566 4012 610 4071 sdr
628 4014 712 4082 prige
731 4014 798 4066 sive.
