3159 4792
352 486 417 555 261
689 490 767 544 Bulla
784 489 885 544 Ιιιοιιιι
905 491 937 544 il.

397 675 438 760 ιι)
461 677 666 760 ἰιιιιιιιριιιιιιι
689 676 839 756 ccclesia,
873 695 892 738 o
918 675 1032 738 bellum
1064 681 1284 739 commentum.

397 760 427 839 l)
454 763 517 822 imo
540 767 573 823 ιι
594 759 730 822 faciebas
751 760 823 835 hoc,
844 759 988 838 Decime,
1022 766 1053 823 et
1075 767 1107 821 ιι
1139 760 1192 821 ille
1215 778 1285 820 eras
1403 833 1404 844 χ

399 845 483 905 ιιιιι
504 844 565 925 leo,
587 843 628 906 ob
649 843 743 924 idque
764 843 956 904 decrevimus
978 862 1158 925 oppugnare
1179 847 1234 905 te

426 927 589 1049 Exsurge,
601 927 747 1004 Petras),
770 933 869 1006 etpro
891 927 1039 1007 pastorali
1062 927 1287 1007 aurapraeiata

356 1009 434 1070 tibi¹
444 1014 455 1085 )
484 1014 536 1088 (ιιι
556 1011 742 1092 praefertur)
766 1009 876 1070 divinit
863 1017 911 1070 tus
933 1009 1135 1086 demandata,
1156 1008 1286 1106 intende

356 1095 389 1154 in
412 1111 537 1155 caumm
559 1099 686 1155 eunome
706 1093 797 1154 Rom.
820 1093 986 1171 ccclesiae,
1013 1095 1117 1155 matris
1146 1095 1286 1154 omnium
1403 1123 1404 1168 3

359 1174 602 1259 ecclesiarumb)
638 1194 676 1237 aa
707 1173 778 1236 fidei
811 1175 992 1256 Magistrae,
1028 1185 1161 1256 quamsi
1153 1177 1252 1241 ιἰιι
1242 1195 1289 1236 ru·

359 1259 453 1320 bento
475 1260 543 1322 Deo
564 1266 618 1321 tuo
640 1261 791 1339 sauguine
804 1261 1003 1322 consecrasti.
1046 1259 1161 1320 Contra
1182 1279 1288 1340 quam,

360 1343 441 1402 sicut
463 1349 495 1404 tu
516 1361 719 1424 praemonere
741 1341 885 1423 dignatus
907 1361 950 1418 ea,
972 1344 1134 1424 insurgunt
1146 1343 1288 1423 Magistri
1403 1333 1404 1352 ¹

360 1425 527 1494 mandaces
537 1424 585 1508 d)
606 1425 803 1486 introducent
790 1432 838 1486 tes
860 1431 961 1486 sectas
982 1426 1202 1506 perditionise]
1227 1425 1289 1486 sibi

363 1507 494 1580 celerem
518 1510 672 1570 interitum
699 1507 997 1588 superducentess),
1018 1527 1148 1590 quorum
1179 1509 1289 1590 lingua

358 1611 440 1688 agnis
452 1589 560 1676 ests)
580 1593 750 1672 inquietum
764 1589 934 1672 malumh),
956 1591 1050 1673 plena
1070 1610 1193 1652 veneno
1207 1611 1289 1652 mor

359 1674 506 1773 cruror),
529 1676 580 1756 qui
600 1676 699 1736 uelum
728 1695 864 1736 amarum
889 1674 1038 1736 habentes
1060 1681 1091 1736 ιι
1114 1676 1290 1735 contentio·

358 1776 415 1819 nas
447 1761 478 1821 in
502 1758 644 1821 cordibus
667 1759 730 1819 suis
750 1756 940 1838 gloriantur
972 1765 1004 1818 ιι
1025 1757 1191 1858 mendaces
1216 1763 1292 1818 aunt

360 1839 507 1950 adversus
529 1839 747 1915 varitatemk).

402 1922 439 2008 a)
402 1925 586 1986 aPetrum
609 1923 715 1985 Simon
737 1923 874 1984 invocat.
918 1923 979 1984 Sed
993 1907 1189 2004 priusipsum
1214 1923 1290 1984 audi

403 2008 554 2068 dicentem
577 2007 649 2068 tibi:
672 2005 803 2066 Pascite.
826 2008 994 2085 quantum
986 2027 1017 2067 m
1041 2007 1198 2083 vobiseat,
1221 2026 1292 2086 gre·

402 2109 473 2172 gem
496 2090 617 2168 Christi,
640 2108 744 2150 curam
764 2071 847 2149 illius
861 2097 990 2172 agentes
1005 2109 1067 2152 non
1091 2095 1208 2166 coacte,
1232 2089 1290 2149 sed
1403 2107 1404 2126 ι

398 2173 554 2250 volentes,
577 2191 640 2234 nou
654 2173 780 2252 turpiter
794 2171 974 2234 affectantes
986 2173 1115 2251 luorum,
1140 2171 1195 2232 sed
1217 2192 1290 2252 pro-

361 2304 366 2312 .
404 2276 501 2337 pauso
523 2257 640 2330 animo,
661 2274 762 2335 neque
784 2273 841 2316 ceu
855 2255 1024 2317 dominium
1040 2260 1222 2316 exercentes
1234 2255 1290 2315 ad

402 2359 510 2402 versus
527 2339 637 2414 cleros,
659 2338 758 2399 sedut
772 2339 837 2399 sitis
852 2338 1041 2419 exemplaria
1055 2339 1166 2420 gregis.
1190 2337 1229 2413 b)
1240 2339 1291 2398 'l'u
1403 2353 1404 2364 ¹

404 2423 495 2501 diois,
528 2441 586 2484 noa
615 2421 696 2482 haud
718 2422 927 2502 agnoscimus.
970 2426 1003 2499 c)
1029 2423 1201 2483 Romanam
1224 2420 1288 2498 dic,
1403 2435 1404 2460 ³

403 2521 443 2566 an
465 2503 670 2565 universalem
693 2502 827 2565 Christi?
850 2503 886 2586 d)
911 2505 978 2566 Imo
1001 2511 1109 2566 oontm
1130 2510 1183 2565 tua
1202 2523 1290 2564 men·
1403 2515 1404 2542 ³

404 2589 494 2651 dacia
514 2588 651 2648 veritatis
683 2585 868 2650 adsertores.
912 2585 948 2671 e)
971 2588 1016 2650 Te
1045 2589 1127 2648 enim
1155 2585 1292 2667 perdent
1403 2613 1404 2662 i

406 2671 446 2732 ob
470 2671 606 2751 pessima
628 2676 680 2729 tua
701 2670 820 2730 merita.
862 2671 889 2745 f)
915 2671 949 2732 ln
973 2677 1005 2732 ιι
1025 2671 1190 2733 hocomen
1204 2669 1291 2730 Chri·

403 2760 468 2814 stus
489 2759 598 2813 vertat.
621 2754 659 2833 g)
685 2751 791 2832 Teque
813 2751 930 2814 aduret.
958 2754 996 2829 h)
1020 2754 1153 2815 Futurae
1175 2755 1291 2814 securi·
1403 2775 1404 2792 ι

403 2837 474 2896 tatis
494 2836 746 2911 incitamentum
774 2835 929 2916 publicum
954 2844 986 2897 et
973 2838 1118 2898 teximie
1141 2843 1291 2916 opportu-

403 2937 475 2979 num
493 2919 618 2980 bonum.
640 2914 669 3000 ι)
694 2882 825 2980 Salutari
843 2918 997 2990 medicina
1010 2921 1163 2982 refertum
1184 2920 1222 2995 ιι)
1240 2919 1292 2980 Ne

403 3001 631 3099 calumniare,
622 3020 685 3062 mro
708 3003 868 3062 veritatem
887 3021 944 3064 nos
956 3003 1140 3064 adversust
1140 3020 1211 3062 uam
1235 3021 1291 3083 op-

375 3141 379 3149 ,
401 3086 593 3166 pressionem
614 3090 742 3144 tuemur.

443 3169 622 3248 Exsurgei)
637 3175 668 3227 tu
681 3186 805 3264 quoque
817 3186 1012 3247 quaesumus,
1026 3167 1130 3246 Paule,
1154 3168 1289 3246 quicum
1403 3183 1404 3240 j

362 3257 415 3313 tua
436 3249 577 3312 doctrina
602 3269 640 3310 ac
666 3253 731 3331 pari
754 3251 901 3332 martyrio
923 3251 1102 3314 illuminasti
1132 3257 1225 3330 atque
1254 3251 1290 3312 il-

361 3334 549 3433 lustrastia).
591 3333 654 3394 lam
683 3334 764 3393 enim
793 3334 890 3415 surgit
915 3354 1014 3395 novus
1045 3332 1292 3416 Porphyriusb),

361 3419 413 3496 qui
435 3417 513 3477 siout
533 3416 586 3477 ille
608 3415 682 3476 olim
701 3423 825 3478 sanctos
848 3418 1009 3496 apostolos
1023 3417 1135 3476 iniuste
1156 3435 1293 3478 momor

360 3500 425 3577 dit,
457 3502 500 3560 ita
527 3498 577 3560 hic
604 3507 729 3559 sanctos
762 3499 993 3582 Pontificese),
1031 3499 1293 3580 praedecessores
1403 3487 1404 3502 ¹

361 3591 496 3660 nostros,
517 3589 591 3643 cont
591 3603 626 3642 ra
647 3590 731 3643 tuam
746 3582 917 3644 doctrinam
934 3603 990 3645 eos
1007 3602 1070 3643 non
1083 3581 1292 3662 obsecrando,

255 3668 263 3674 '
361 3666 416 3727 sed
438 3664 641 3746 increpraudo
653 3664 807 3745 mordere,
830 3665 1021 3745 lacerared),
1043 3681 1081 3726 ao
1102 3665 1153 3726 ubi
1176 3683 1293 3728 causac

361 3768 436 3810 suae
457 3748 619 3826 diffidite),
643 3747 682 3808 ad
705 3748 883 3829 conviciaf)
910 3749 1059 3810 accedere
1081 3755 1293 3828 annueretur,

361 3851 447 3893 more
471 3830 762 3913 haereticommt),
793 3851 922 3912 quorum
948 3833 998 3914 (ut
1018 3832 1117 3911 iuquit
1137 3831 1292 3915 Hierony·

435 4007 463 4076 1)
485 4009 515 4061 ln
537 4009 580 4069 ad.
598 4006 676 4063 deu:
699 4008 745 4077 (ut
762 4006 932 4078 praefertur)
954 4009 1013 4062 tibi.
1112 4027 1115 4032 ·
