3159 4792
567 483 674 541 additio
690 485 726 540 D.
746 484 826 541 liant.
845 484 967 551 liuthari.
986 512 992 537 .·
1183 485 1224 551 21

291 669 364 732 mihi
399 669 516 731 Esaias
549 674 619 731 tuus
659 670 768 732 eadem
808 670 1002 751 impudentia
1036 669 1224 734 obiiclebat?

290 752 438 833 Numquid
460 753 532 814 hinc
552 755 702 833 sequitur,
729 774 779 815 me
801 754 1010 817 Bohemorum
1032 773 1222 819 consensum

291 838 321 897 in
335 855 408 897 mea
425 835 574 917 dogmata
592 844 690 916 (quac
706 838 767 897 alia
786 856 848 899 non
872 844 1002 917 possunt
1026 858 1105 915 esse,
1129 856 1221 917 quam

292 921 324 981 in
347 920 434 981 libris
457 921 535 981 meis
558 920 643 981 edita
662 920 932 987 circumferuntur)
959 920 1145 983 damnasse?

377 1003 481 1082 Atque
501 1010 535 1063 ut
562 1004 655 1068 scias.
686 1023 735 1064 rna
756 1011 824 1066 tuas
847 1004 974 1064 insidias
996 1004 1071 1064 nihil
1093 1003 1218 1066 insidio-

292 1104 342 1147 sas
365 1085 442 1147 nihil
465 1095 618 1161 metuere,
646 1087 726 1148 habs
747 1088 802 1149 tibi
823 1086 900 1165 hoc,
930 1095 962 1147 et
981 1086 1076 1149 illude
1098 1089 1164 1148 sive
1188 1089 1222 1149 il-

291 1168 369 1247 lide,
392 1170 420 1229 si
439 1177 541 1250 potos.
585 1169 682 1247 Volo,
704 1177 795 1251 opto,
817 1188 890 1249 oro,
913 1172 1027 1249 gratias
1050 1188 1122 1251 ago,
1145 1190 1219 1251 gan-

293 1251 369 1329 deo,
396 1251 480 1331 quod
509 1272 578 1313 mea
607 1251 754 1333 dogmata
778 1253 904 1334 placent
930 1252 1093 1330 Bohemis,
1125 1264 1218 1333 atque

294 1336 410 1396 utinam
434 1335 596 1415 placerent
618 1342 649 1396 et
671 1336 789 1397 ludaeis
812 1341 844 1397 ct
864 1336 991 1415 ancis,
1019 1337 1082 1396 imo
1106 1338 1220 1397 utinam

293 1418 392 1485 ettibi
409 1418 559 1497 etanio,
582 1420 690 1498 positis
711 1421 821 1480 vestris
845 1420 947 1498 impiis
971 1419 1133 1495 erroribus,
1156 1420 1220 1498 pla·

293 1507 408 1562 carent
453 1499 533 1575 Quid
564 1501 615 1561 hic
645 1502 761 1563 facies?
801 1501 852 1565 An
882 1501 1045 1581 ludaeum,
1078 1503 1221 1581 Turcum,
1250 1540 1255 1549 ·

292 1584 507 1645 Emseriaoum
530 1592 562 1645 et
581 1584 750 1645 Eccianum
780 1604 830 1646 me
857 1594 1018 1664 patronum
1047 1586 1219 1663 excusabis,

293 1668 365 1747 quia
396 1686 507 1728 recuso
540 1668 668 1729 fortiterv
692 1687 742 1727 me
779 1667 864 1729 nolle
897 1676 999 1727 vestra
1032 1674 1063 1728 et
1099 1668 1220 1727 illorum

292 1749 396 1811 tueri?
433 1749 514 1825 Quid
541 1750 580 1810 ad
612 1750 682 1811 me?
717 1749 749 1810 Si
773 1751 900 1811 Bohemi
932 1768 1050 1809 mecum
1074 1752 1220 1827 sentiunt,
1268 1812 1274 1827 ,

292 1838 377 1893 recte
392 1834 537 1909 sentiunt,
560 1833 615 1893 sed
629 1852 691 1894 non
704 1834 776 1894 ideo
790 1852 849 1915 ego
868 1832 990 1893 illorum
1012 1832 1063 1894 vel
1086 1833 1221 1894 schisma

256 1932 265 1952 ⁸
292 1917 341 1977 vel
370 1934 491 1976 errores
512 1915 652 1996 probavi,
674 1936 733 1977 nec
752 1924 806 1977 tuo
828 1916 990 1997 patricinio
1014 1935 1092 1996 opus
1115 1916 1218 1996 habui,

293 2018 354 2078 quo
382 1999 443 2059 hac
471 1999 647 2079 suspicione
668 2000 804 2077 levares,
834 1998 950 2077 idest,
980 2002 1218 2063 contaminarer.
1297 2012 1302 2017 ·

293 2082 372 2142 Nam
397 2100 501 2161 spero,
525 2082 607 2161 quod
630 2083 778 2163 gaudeas,
800 2082 956 2143 Bohemos
980 2090 1081 2144 tecum
1106 2084 1220 2144 sentire

295 2165 325 2225 in
338 2165 537 2225 confessione
548 2166 715 2245 Trinitatis,
730 2166 852 2242 Christi,
865 2172 896 2225 et
910 2164 1051 2225 omnibus
1067 2166 1135 2226 aliis
1148 2165 1220 2227 lidei

293 2248 440 2326 articulis,
463 2266 517 2308 cur
529 2267 605 2329 ergo
619 2268 682 2310 non
697 2267 753 2330 pro
771 2256 803 2309 te
826 2249 893 2329 ipso
917 2250 1046 2327 primum
1070 2249 1218 2309 sollicitus

291 2331 472 2412 apologiam
502 2330 584 2408 edis,
615 2351 789 2413 expurgans
819 2337 865 2407 te,
897 2330 979 2409 quod
1011 2331 1217 2392 Bohemornm

292 2420 443 2494 patronus
471 2433 534 2474 non
562 2415 626 2474 sis?
669 2414 701 2476 Si
728 2415 788 2475 hoc
818 2414 943 2475 stultum
974 2420 1004 2474 et
1026 2433 1088 2475 non
1112 2434 1218 2475 neces-

293 2498 406 2556 sarium
430 2496 598 2575 arbitraris,
620 2516 681 2577 qua
704 2499 832 2558 caritate
855 2500 1062 2563 necessarium
1086 2497 1137 2559 tibi
1161 2516 1217 2579 pro

293 2599 343 2640 me
367 2581 466 2639 visum
490 2586 553 2656 est,
575 2587 608 2641 ut
629 2581 765 2658 faceres,
789 2600 852 2641 non
874 2580 1022 2661 rogatus?

377 2662 473 2723 Vides
501 2682 575 2744 ergo
604 2664 769 2746 malignam
798 2666 882 2725 tuam
910 2663 1038 2743 agnosci
1061 2662 1218 2741 invidiam,

293 2747 344 2825 qni
377 2764 448 2805 cum
476 2746 571 2806 scires
603 2746 759 2808 Bohemos
787 2746 819 2806 in
849 2766 898 2807 me
926 2746 1000 2806 nihil
1030 2746 1163 2827 probare
1188 2752 1219 2809 et

292 2830 428 2906 iactare,
458 2847 549 2907 quarn
578 2828 725 2910 dogmata
747 2849 831 2906 mea,
858 2837 890 2889 tu
914 2847 1020 2889 eornm
1041 2829 1217 2889 iactantiam

292 2911 375 2973 hanc
397 2911 473 2972 felix
502 2918 606 2974 orator
632 2914 680 2973 sic
704 2913 867 2993 opprimis,
896 2918 929 2975 ut
950 2930 1045 2991 neges
1066 2932 1115 2973 me
1138 2931 1218 2972 erro-

292 3014 358 3055 rum
381 3014 507 3056 suornm
530 3014 599 3055 esse
621 3004 803 3077 patronum,
828 2996 915 3073 quasi
937 2994 982 3054 illi
1003 2994 1064 3055 hoc
1085 3014 1217 3071 unquam

292 3079 444 3139 iactarint.
488 3076 650 3139 Oratorum
678 3080 801 3159 insigne
832 3077 926 3138 decus
955 3082 1003 3137 cst
1034 3074 1084 3157 (ut
1106 3074 1216 3139 Cicero

292 3159 354 3243 ait)
378 3161 523 3242 apposite
545 3160 663 3239 dicere,
693 3170 724 3221 tu
746 3168 850 3223 autam
872 3160 1079 3221 Bohemorum
1102 3159 1216 3219 iactan-

292 3245 367 3304 tiam
395 3244 621 3324 couiutaturus,
652 3263 744 3323 quarn
774 3246 920 3325 optimam
950 3240 1067 3303 babent
1087 3244 1117 3303 in
1141 3244 1217 3303 meis

293 3325 508 3408 dogmatibus,
542 3328 682 3389 confutas
712 3329 890 3388 iactantiam
918 3345 1054 3387 errorum
1082 3346 1217 3403 suorum,
1267 3338 1274 3351 ‘

293 3428 386 3489 qnam
413 3416 447 3469 tn
473 3409 564 3490 fingis
591 3410 648 3471 sub
675 3412 800 3471 nomine
827 3429 906 3471 meo.
949 3409 1061 3471 Nonne
1088 3409 1150 3470 hoc
1178 3408 1217 3469 ad

290 3492 456 3553 rhombum
490 3512 581 3555 orare
613 3501 677 3570 est,
711 3493 763 3555 ubi
796 3493 835 3554 ad
867 3493 1020 3555 dextram.
1039 3492 1093 3553 tibi
1125 3486 1218 3553 belua

291 3576 402 3656 iaceat,
425 3583 457 3636 tu
473 3595 580 3637 versus
598 3578 631 3638 in
648 3578 800 3638 sinistram
821 3578 944 3657 egregia
968 3574 1130 3637 rhombum
1153 3575 1216 3635 lan·

291 3658 369 3721 des?
393 3657 543 3734 Obsecro,
564 3661 590 3719 si
607 3659 753 3739 deinceps
765 3660 884 3721 luscum
898 3658 977 3719 velis
995 3658 1130 3735 laudare,
1153 3676 1216 3719 non

292 3741 402 3804 landes
425 3741 565 3818 surdum,
597 3762 637 3803 nc
659 3745 689 3803 in
711 3742 861 3808 discenda
881 3742 1036 3802 rhetorica
1058 3745 1109 3799 tua
1131 3740 1215 3803 vide·

290 3827 352 3887 aris
374 3844 505 3906 operam
526 3832 558 3888 et
579 3826 680 3887 oleum
703 3826 824 3904 lusisse,
847 3831 1048 3888 autmutuum
1061 3822 1224 3904 paulisper'

292 3909 461 3972 memoriae
489 3907 643 3971 Fiscianaa
680 3910 735 3971 tibi
768 3928 873 3987 sume,
901 3915 935 3969 ut
962 3908 1135 3988 argumenti
1168 3926 1216 3972 su·

291 3993 391 4083 saepti
408 3992 523 4056 saltem
541 3993 573 4055 in
595 3993 743 4059 orationis
764 3993 853 4055 initio
875 4010 994 4053 mernor
1015 4009 1084 4053 esse
1099 3992 1213 4071 pasch.
