3159 4792
344 525 408 592 244
663 526 807 580 Truentus
829 525 938 579 tutheri

347 714 449 776 donee
469 711 644 796 perflaiatur
662 711 709 796 ¹).
750 713 837 774 Haeo
859 714 940 774 enim
969 714 1048 792 vita,
1076 713 1210 791 iustitia,
1244 718 1276 772 et

348 799 430 859 salus
452 800 517 858 eius
540 805 596 874 est,
618 816 782 877 personam
804 797 902 876 ipsam
916 814 1043 857 servans
1065 803 1096 856 et
1119 793 1272 876 gratsm²l

347 876 473 959 laniena,
496 881 661 960 omniaque
682 879 831 955 tribuens,
855 898 933 958 quae
956 877 1094 940 Christus
1118 878 1220 957 habet,
1243 885 1277 938 ut

349 964 578 1045 supradictum
603 972 666 1041 est,
695 970 727 1023 et
747 963 860 1022 Paulus
882 961 951 1024 Gal.
976 966 1003 1026 1.
1027 961 1210 1039 confirmat,
1233 961 1277 1022 di·

348 1067 437 1108 nens:
476 1045 568 1122 Quod
590 1053 692 1107 autem
713 1047 746 1106 in
767 1065 860 1106 earne
882 1048 973 1124 vivo,
1003 1044 1118 1106 infide
1140 1043 1195 1105 fllii
1218 1045 1275 1104 Dei

348 1132 429 1192 vivo.
472 1131 718 1209 taquamquam
742 1130 787 1189 sia
809 1127 955 1189 liberast
977 1129 1015 1189 ab
1038 1126 1180 1189 omnibus
1203 1146 1276 1208 ope

348 1212 446 1291 ribus,
482 1211 585 1273 debet·
608 1220 711 1273 tamen
733 1232 837 1272 rursus
860 1232 894 1272 se
915 1213 1074 1272 exinanire
1106 1210 1165 1270 hae
1185 1210 1276 1272 liber·
1314 1241 1322 1254 x

348 1295 468 1373 ta.te³),
490 1295 621 1358 formam
644 1297 726 1356 servi
748 1297 900 1374 accipere,
922 1296 952 1354 in
969 1293 1198 1354 similitudinem
1222 1293 1277 1354 ho·

349 1381 462 1438 minum
485 1378 560 1457 tieri,
584 1387 615 1440 et
636 1378 741 1439 habitu
762 1379 893 1438 inveniri
916 1383 948 1437 ut
969 1377 1081 1456 homo,
1103 1377 1218 1437 servire
1231 1375 1284 1454 ⁴),
1336 1395 1340 1406 ·

347 1462 504 1541 adiurare,
525 1469 557 1523 et
570 1461 748 1523 omnimodo
770 1481 840 1521 eum
859 1462 1001 1542 proximo
1015 1480 1072 1522 suo
1090 1478 1194 1542 agere,
1221 1461 1277 1520 sin·

350 1553 384 1606 ut
411 1544 495 1606 videt
524 1565 630 1606 seeum
660 1549 761 1606 aetum
783 1551 815 1605 et
835 1545 886 1624 agi
908 1563 927 1604 s
946 1543 1013 1604 Deo
1035 1563 1090 1623 per
1112 1543 1278 1621 Christum,

349 1638 381 1689 et
395 1628 462 1689 bon
483 1630 582 1708 ipsum
604 1631 714 1709 gratis,
737 1627 885 1707 nulloque
905 1633 1064 1708 respectu,
1094 1625 1154 1685 nisi
1175 1624 1273 1687 divini

351 1711 471 1793 placiti,
492 1713 587 1772 etita
609 1713 763 1792 cogitare:

432 1793 479 1854 En
503 1794 575 1854 milri
595 1794 722 1874 indigno
738 1793 948 1871 damnatoque
970 1791 1180 1869 homuncioni,
1205 1793 1280 1852 eitra

351 1897 450 1952 omnex
465 1879 617 1954 meritum,
640 1895 726 1936 mera
742 1877 937 1957 gratuitaque
953 1872 1171 1953 miserirordiae,
1191 1873 1281 1935 ‚dedit

350 1961 432 2020 Deus
455 1979 541 2020 meus
561 1961 594 2019 in
616 1959 736 2020 Christo
760 1978 868 2019 omnes
884 1958 1006 2018 divitias
1029 1959 1163 2018 iustitias
1186 1966 1219 2019 et
1234 1977 1281 2018 sa·

350 2044 439 2120 lutis,
477 2052 509 2102 ut
532 2042 663 2124 amplius
695 2041 783 2101 nulla
804 2062 836 2104 re
857 2061 983 2121 prorsus
1005 2040 1179 2121 indigeam,
1221 2042 1280 2102 nisi

351 2124 427 2203 fide,
464 2144 544 2205 quae
567 2125 686 2202 credat,
721 2125 783 2185 hoe
811 2143 845 2184 se
868 2125 912 2185 sie
933 2124 1057 2184 habere.
1100 2122 1179 2184 Huie
1203 2141 1278 2204 ergo

351 2209 405 2269 tali
432 2209 531 2285 Patri,
564 2209 615 2288 qui
637 2227 686 2269 me
710 2209 773 2268 suis
796 2207 842 2267 his
865 2206 1141 2268 inaestimabilibus
1165 2206 1280 2266 divitiis

352 2292 468 2374 obruit,
504 2311 558 2353 eur
579 2311 641 2353 non
676 2290 859 2370 liberaliter,
894 2289 1046 2369 hilariter,
1081 2295 1147 2350 toto
1184 2289 1280 2351 eorde

351 2382 588 2456 spontaneaque
623 2374 724 2436 studio
760 2375 866 2435 omnia
905 2373 1033 2452 faeiem,
1075 2391 1278 2452 quaeeunque

355 2460 455 2519 aniern
481 2458 594 2538 placita
623 2465 655 2518 et
674 2463 762 2540 grata
784 2476 888 2518 eoram
910 2457 964 2517 illo
987 2455 1078 2517 esse?
1111 2455 1199 2516 Dabo
1222 2457 1279 2517 ita

354 2560 414 2620 que
436 2561 485 2602 me
507 2541 659 2620 quendam
683 2541 836 2602 Christum
855 2541 998 2621 proximo
1022 2558 1110 2614 meo,
1133 2537 1280 2618 quemad-

354 2623 479 2684 modum
503 2623 642 2684 Cbristus
664 2642 734 2683 sese
757 2622 898 2702 praebuit
920 2621 1012 2698 mihi,
1047 2621 1121 2682 nihil
1143 2621 1281 2682 facturus

352 2708 382 2766 in
406 2706 465 2766 hau
486 2708 566 2782 vita,
596 2706 654 2765 nisi
676 2705 760 2785 quod
783 2705 891 2767 videro
913 2706 1057 2786 proximo
1080 2724 1150 2766 meo
1173 2723 1280 2766 neees-

354 2791 477 2867 sariam,
499 2789 696 2850 enmmodum
718 2797 750 2849 et
771 2789 905 2850 salutare
927 2788 1003 2864 fore,
1027 2787 1279 2868 quandoquidem

354 2893 409 2954 per
431 2871 522 2934 fldem
545 2875 682 2935 omnium
715 2871 868 2934 bonorum
900 2873 931 2933 in
965 2872 1086 2942 Christo
1117 2870 1280 2932 abundans

354 2977 431 3018 sum.

436 3039 519 3100 Eece
552 3041 597 3099 sie
626 3038 693 3100 fluit
722 3058 761 3099 ex
782 3038 844 3099 tide
877 3040 989 3099 caritas
1021 3044 1053 3099 et
1079 3036 1224 3118 gaudium
1250 3038 1282 3098 iu

354 3123 499 3200 Domino,
522 3125 554 3183 et
575 3141 615 3182 ex
636 3123 763 3182 caritate
784 3122 899 3197 hilaris,
921 3120 1029 3199 libens,
1051 3119 1130 3181 liber
1149 3121 1281 3200 animus,

354 3207 393 3268 ad
416 3211 527 3285 sponte
540 3205 734 3266 serviendum
752 3205 906 3285 proximo,
927 3205 970 3264 ita
991 3212 1025 3264 ut
1037 3202 1152 3263 nullam
1166 3202 1284 3264 habeat

354 3291 505 3350 rationem
527 3287 731 3368 gratitudinis,
752 3286 995 3368 ingratitudinis,
1024 3286 1124 3347 laudis
1144 3304 1182 3346 aa
1204 3287 1302 3348 vitu·-

354 3373 450 3454 perii,
484 3371 560 3431 lueri
600 3379 653 3431 aut
690 3370 803 3434 damni,
854 3369 962 3451 Neque
994 3372 1074 3431 enim
1106 3370 1170 3450 agit
1209 3370 1282 3450 hoe,

354 3464 388 3518 ut
408 3455 550 3516 homines
579 3455 635 3516 sibi
665 3453 874 3532 demereatur,
906 3473 965 3514 nee
984 3455 1064 3514 inter
1085 3454 1203 3514 amieos
1225 3454 1281 3514 ini-

354 3541 513 3618 micosque
535 3537 689 3616 discernit,
711 3556 770 3597 nee
790 3544 895 3618 gratos
909 3555 967 3598 nee
981 3543 1119 3616 ingratas
1142 3537 1284 3616 suspinit,

355 3622 409 3683 sed
433 3621 601 3700 liberrime,
631 3620 892 3700 libentissimeque
920 3619 1068 3700 dispergit
1096 3637 1132 3679 ae
1161 3625 1193 3678 et
1215 3639 1282 3699 sua,

352 3745 429 3754 „—
617 3743 755 3754 —nn-n

426 3819 677 3888 1)1nedit.1521
707 3821 807 3873 verba:
836 3819 910 3871 nisi
941 3817 1033 3886 quod
1055 3845 1088 3855 -
1109 3820 1285 3886 perficia-

355 3899 413 3944 tur
430 3895 459 3944 in
488 3893 646 3961 parenthesi
672 3893 809 3945 collocata
827 3898 900 3944 suut.
938 3890 971 3954 2)
992 3888 1123 3944 Ibidem:
1153 3893 1286 3959 gratiam.

353 3963 387 4090 {l
400 3962 514 4089 &tigerus
522 3971 551 4017 st
567 3968 596 4017 iu
607 3964 648 4018 ed.
662 3965 735 4018 len:
754 3964 807 4018 hae
817 3966 845 4016 iu
859 3963 995 4018 libertate.
1015 3961 1047 4022 4)
1070 3963 1098 4014 ln
1112 3961 1178 4016 edit.
1201 3964 1284 4019 1521:
