3159 4792
369 511 411 580 72
594 513 682 583 Epist
701 518 808 583 septem
826 518 928 583 preest.
947 514 1070 567 virorum

452 700 617 781 Hucusque
638 718 701 760 non
723 698 827 776 video,
850 700 900 761 vel
922 698 1213 774 tuesollieitatione,
1235 696 1289 759 vel

369 784 565 845 illustrissimi
586 783 736 863 Principis
764 784 937 863 patrocinio
961 781 1094 843 defuisse
1116 783 1286 861 quiequam.

370 868 440 947 Age
462 867 608 946 obsecro,
643 872 819 946 perseveret
847 865 1004 928 celsitudo
1035 886 1091 927 sua
1117 866 1148 925 in
1179 864 1286 925 eadem

372 952 536 1027 sententia,
558 951 668 1011 intuitu
691 969 828 1010 summae
850 956 882 1011 et
904 955 1048 1011 aeternae
1063 949 1210 1026 veritatis,
1232 964 1288 1027 pro

372 1052 432 1113 quo
456 1035 510 1095 tibi
532 1035 650 1095 maiore
672 1031 840 1108 debentur,
876 1052 966 1113 quam
1000 1052 1058 1094 uos
1092 1050 1197 1092 sumus
1227 1030 1288 1091 duo
1401 1034 1402 1097 ἶ

371 1116 504 1196 quidem,
527 1118 673 1178 Martinus
697 1122 729 1177 et
750 1136 820 1197 ego,
842 1114 897 1179 sed
920 1122 1020 1177 tecum
1041 1134 1133 1177 unum
1158 1113 1289 1189 Christo,

370 1201 402 1260 in
443 1208 600 1261 aeternum
635 1198 809 1262 benedicto.
866 1197 955 1261 Vale.
1010 1199 1058 1259 ux
1100 1198 1289 1259 Monesterio

371 1288 401 1346 7.
423 1283 621 1364 Septembris.

715 1364 755 1425 ll.
775 1364 814 1426 D.
835 1364 944 1427 XVIII.
984 1426 990 1435 ,

559 1448 776 1510 DeditissImus
796 1454 869 1509 tuae
892 1448 1095 1509 excellentiae

732 1531 838 1591 Frater
865 1529 1018 1592 Iohannes
1040 1529 1079 1591 de
1101 1529 1248 1610 Staupite.

811 1729 847 1791 11.

473 1864 594 1929 essem
615 1864 770 1929 iselsteine
790 1864 923 1949 liprensis
945 1863 979 1927 al
999 1862 1140 1928 betleem
1153 1862 1193 1942 *b

372 2031 502 2105 Rector,
536 2030 674 2110 Magistri
706 2037 738 2090 et
752 2030 915 2172 LlDoctores
948 2030 1049 2091 almae
1077 2030 1294 2091 UniversitatIs

787 2132 909 2191 psensrs

613 2277 651 2341 D.
674 2278 761 2341 Mart.
782 2277 871 2341 Luth.
894 2277 925 2341 Β.
948 2277 985 2339 Ι).
1008 2278 1041 2338 P.

453 2394 546 2455 Hisce
568 2396 684 2457 exectis
706 2393 835 2473 diebus,
857 2394 989 2456 Domine
1010 2394 1147 2473 Doctor,
1183 2392 1295 2472 quibus

371 2479 560 2539 sacrosancti
604 2479 700 2537 nostri
737 2477 909 2539 Assertoris
943 2475 1083 2539 Natalem
1114 2474 1294 2541 Christiano

370 2563 427 2621 ritu
451 2561 665 2641 operabamur,
689 2560 831 2641 egregius
854 2580 961 2621 sacrae
978 2560 1152 2641 Scripturas
1174 2559 1296 2621 Doctor

371 2644 523 2704 lohannes
545 2642 656 2703 Ecoius
678 2642 783 2703 literas
805 2641 844 2703 ad
863 2642 1101 2705 Illustrissimum
1118 2642 1294 2721 Principem

371 2746 408 2786 ec
429 2725 545 2787 Ducem
568 2726 751 2806 Georgium,
781 2733 813 2785 et
833 2726 1069 2788 UniversItatem
1100 2743 1137 2785 ac
1157 2723 1294 2785 Theolo-

371 2810 440 2890 giee
454 2810 605 2869 Doctores
629 2808 722 2886 dedit,
745 2808 855 2887 quibus
869 2808 1058 2871 Facultatem
1069 2806 1294 2889 Theologicem

371 2892 699 2973 suaeDiseeptatIonis
720 2892 852 2952 iudicem
876 2892 961 2953 velut
972 2892 1122 2973 Regulam
1149 2890 1293 2953 Lesbiam

371 2976 490 3057 selegit,
514 2977 666 3055 enixeque
687 2974 910 3053 contendebat,
940 2994 1000 3055 quo
1025 2974 1198 3057 disputandi
1221 2992 1293 3033 cum

371 3058 508 3119 Doctore
530 3057 745 3121 Garolostadio
784 3060 906 3141 copiam
938 3060 966 3120 ei
1000 3060 1031 3119 in
1067 3062 1175 3119 nostro
1198 3074 1295 3137 augu-

370 3142 504 3203 stissimo
527 3142 698 3222 Gymnasio
719 3142 901 3201 faceremus.

456 3228 570 3285 Verum
593 3243 661 3284 oum
681 3224 743 3283 hoc
763 3224 987 3303 DisputatIouis
1010 3224 1155 3283 scrutinio
1178 3221 1294 3282 veritas

375 3327 394 3367 a
416 3305 686 3367 calumniatoribus
708 3305 897 3385 vindicetur,
919 3313 951 3365 et
972 3309 1057 3385 quasi
1082 3325 1099 3366 e
1121 3304 1293 3365 Democriti

371 3388 425 3448 illo
448 3396 542 3469 puteo
565 3391 594 3448 in
618 3389 753 3468 apricum
776 3388 957 3468 proseratur,
980 3388 1111 3449 eundem
1124 3388 1191 3450 voti
1209 3406 1293 3447 oom-

370 3479 475 3552 potem
498 3490 554 3551 pro
586 3470 698 3531 viribus
720 3469 907 3531 reddidimus
939 3480 970 3533 et
991 3469 1167 3553 disputandi
1187 3470 1292 3532 locum

371 3554 471 3615 eidem
494 3554 677 3615 eddiuimus.
721 3552 789 3628 Quo
813 3554 919 3615 favore
941 3555 1036 3615 fretus
1057 3554 1094 3619 D.
1117 3553 1239 3631 Decius,
1260 3560 1293 3613 et

371 3640 401 3698 iu
424 3638 576 3699 literariae
594 3636 770 3699 Palaestrae
793 3656 917 3699 arenam
939 3657 1008 3699 oum
1020 3637 1056 3701 D.
1073 3635 1291 3699 Oorolostedio

364 3721 584 3800 descensurus,
606 3726 640 3780 ut
661 3720 757 3801 siguis
779 3719 945 3783 ePalledis
964 3722 1070 3782 cestris
1091 3722 1123 3781 in
1135 3719 1290 3801 publicum

372 3878 509 3886 ——-..-.-

445 3964 473 4022 ⁸)
492 3962 531 4013 Cf.
542 3961 654 4016 Loesch.
676 3961 799 4015 Reform.
812 3965 871 4013 Act.
889 3960 920 4014 Τ.
929 3959 966 4012 lll
986 3976 1010 4027 p.
1021 3960 1080 4018 282.
1101 3958 1204 4013 Walch.
1218 3956 1289 4027 Opp.

371 4030 706 4102 amanam
