3159 4792
539 490 646 547 adelfio
665 492 696 544 l).
715 490 795 547 lert·
813 491 942 548 Lutberi.
1089 482 1093 491 “
1170 491 1209 557 1Ί

371 674 524 752 Pr'unum,
551 676 594 737 mi
619 674 745 753 Enser,
774 676 884 737 omitto
911 673 1122 755 blandiloquio
1148 681 1210 751 tua,

286 757 371 837 quod
401 758 577 822 merirum
606 758 767 838 praedicas
794 778 864 821 rara
891 758 1077 837 eruditione,
1103 758 1212 821 osenla

283 840 488 907 leobariotiea
509 841 681 919 dissimulo,
704 842 813 921 quibus
836 842 892 903 sub
916 841 1121 927 Bohemorum
1142 861 1210 923 per·

285 942 367 984 sona
387 922 525 1003 mordes,
549 944 599 985 me
622 944 692 985 esse
713 944 822 1002 unum,
845 926 896 1005 qui
918 943 1021 985 sseras
1043 925 1158 1004 literas,
1181 933 1211 986 et

286 1006 372 1067 solus
388 1007 549 1086 attingam,
570 1008 623 1087 qui
644 1007 753 1070 oeulos
775 1009 933 1069 eornieum
954 1010 1036 1089 potis
1058 1009 1115 1069 sim
1138 1027 1211 1071 eou-

285 1089 390 1170 ligere.
434 1090 582 1169 Agnoseo
607 1092 689 1151 enim
706 1091 863 1152 fortissimi
886 1093 928 1154 tui
951 1092 1089 1173 theologi
1111 1110 1210 1153 soom·

285 1179 385 1248 mata,
416 1191 491 1233 saue
513 1174 646 1252 erudita,
676 1176 728 1254 qui
750 1193 820 1235 eum
843 1176 937 1235 verba
958 1174 1134 1255 Soripturee
1155 1195 1211 1256 per

284 1262 383 1317 totam
415 1256 656 1337 disputationem
688 1277 748 1319 nee
777 1256 948 1337 adducere,
987 1277 1046 1321 nee
1077 1258 1211 1321 sdduota

285 1347 394 1419 posset
416 1347 559 1418 traetme,
581 1340 692 1401 eodem
714 1341 823 1403 frutioe
845 1343 965 1423 etipse
987 1360 1111 1423 quoque
1135 1348 1209 1403 stru·

284 1422 349 1482 thio
365 1442 401 1483 se
414 1424 500 1501 texit,
522 1424 759 1503 prudentissime
781 1443 924 1503 osuaens,
947 1445 996 1485 me
1018 1444 1080 1486 non
1102 1444 1206 1506 reeep·

284 1512 351 1568 tare
362 1506 485 1566 Petrum
507 1508 698 1585 autoritates,
721 1526 798 1587 quas
813 1521 881 1567 neo
901 1510 984 1588 ipses
1006 1508 1210 1589 intelligebat,

283 1607 343 1649 nse
364 1589 537 1669 intelligere
559 1591 694 1652 volebat.
731 1591 802 1652 Nou
824 1593 906 1651 enim
928 1592 1054 1671 patebat
1076 1592 1137 1651 alie
1160 1593 1210 1654 via

283 1691 360 1733 suae
391 1691 548 1733 sacrarum
587 1674 742 1735 literarum
775 1675 987 1755 maerentum,
1028 1676 1209 1753 praesertim

283 1773 390 1816 eoram
419 1756 513 1836 vulgo
536 1755 741 1834 celerandae,
771 1776 863 1836 quem
888 1763 921 1817 ut
942 1756 1064 1818 deserta
1086 1767 1117 1817 et
1139 1774 1210 1819 eon·

284 1845 404 1917 tempta
432 1838 590 1919 Scriptura
617 1846 725 1901 saneta
757 1859 807 1899 me
836 1838 992 1921 eontigere
1017 1846 1068 1918 (ut
1095 1848 1127 1901 tu
1153 1839 1212 1901 ele

283 1923 483 2001 gantissimus
515 1929 620 1983 orator
647 1922 738 1994 diois)
762 1922 879 1984 dioeret
907 1923 1062 1983 eornieum
1093 1923 1211 1987 oeulos.

283 2003 344 2065 eeu
367 2003 480 2067 habete
502 2005 589 2067 vobis
610 2006 693 2066 huno
709 2006 889 2087 theologiae
905 2006 1069 2068 discendae
1082 2026 1209 2087 morem,

283 2095 317 2146 ut
339 2087 435 2149 verba
456 2088 513 2149 Dei
535 2088 574 2149 ad
597 2089 742 2152 iudicium
765 2089 929 2152 verborum
950 2088 1109 2151 hominum
1131 2098 1208 2151 trao-

282 2172 365 2233 tetis.
404 2170 476 2251 Ego
493 2190 562 2231 oum
575 2172 673 2234 Paulo
691 2179 723 2233 et
737 2173 911 2253 Augustino
934 2171 1029 2233 verba
1049 2173 1207 2236 hominurn

282 2253 322 2313 ad
354 2253 503 2316 iudieium
536 2255 699 2316 verborum
726 2256 783 2316 Dei
811 2262 926 2335 traete,
962 2256 1044 2317 malo
1072 2275 1091 2316 a
1120 2256 1208 2317 vobis

281 2339 423 2397 aoenssri
444 2340 654 2399 annotatoris
680 2339 781 2400 verbis
803 2340 972 2418 homiuum,
994 2353 1085 2423 quam
1109 2338 1208 2401 vobis·

282 2439 353 2481 eum
376 2416 496 2483 laudari
517 2427 715 2502 contemptor
735 2422 898 2483 verborum
920 2423 988 2483 Dei.

367 2503 436 2565 Hue
462 2505 537 2565 mihi
564 2507 719 2583 ausculta,
749 2524 809 2585 qua
831 2512 863 2567 tu
885 2525 967 2568 nove
987 2505 1139 2586 religione
1160 2522 1208 2565 ar-

283 2587 392 2649 borem
407 2587 524 2665 laudas,
548 2597 580 2649 et
591 2589 706 2649 lruotus
725 2591 791 2650 eius
814 2589 992 2669 vituperas?
1020 2588 1069 2649 An
1091 2594 1123 2649 tu
1145 2607 1209 2649 non

282 2671 443 2733 eornioum
466 2671 575 2733 oeulos
596 2672 738 2752 oontigis,
761 2671 816 2732 sed
834 2674 893 2753 ipsi
915 2672 1047 2752 Christo,
1070 2672 1207 2732 omnium

282 2753 371 2831 daei,
400 2754 616 2817 eontradioens
643 2755 684 2815 de
711 2757 774 2816 vite
801 2762 832 2817 et
851 2754 911 2817 lieu
933 2756 1038 2837 spinas
1061 2761 1093 2815 et
1116 2754 1207 2816 tribu-

282 2837 331 2899 los
354 2837 495 2918 colligis?
532 2838 604 2899 Non
623 2837 771 2919 intelligis
793 2838 867 2919 quid
888 2838 1002 2900 velim?
1043 2838 1207 2899 Martinam

283 2921 361 2981 dieis
386 2920 583 2998 eatbolioum,
606 2931 634 2983 et
659 2923 709 3001 qui
732 2923 811 2986 nolit
831 2924 1040 2984 Bohemorum
1064 2941 1134 2983 esse
1155 2941 1207 3002 pa

282 3011 408 3081 bonus,
432 3012 579 3084 reeteque
599 3006 691 3084 faeie,
716 3024 770 3066 our
791 3024 866 3085 ergo
888 3006 1080 3083 iniquissimo
1103 3006 1207 3064 animo

281 3088 361 3167 fers,
390 3087 540 3169 dogmata
560 3108 631 3149 mes
650 3088 775 3170 probari
797 3087 964 3149 Bohemis?
1008 3080 1104 3163 Quasi
1126 3104 1208 3147 nova

281 3172 369 3233 Eeeii
397 3173 440 3231 tui
469 3172 631 3239 dialeotioa
655 3177 745 3249 (nam
772 3172 864 3233 simili
892 3178 923 3233 et
949 3171 1004 3231 ille
1033 3171 1125 3231 utitur
1146 3167 1207 3229 dis·

280 3254 408 3317 serendi
428 3256 572 3328 seientia)
593 3256 676 3317 huno
707 3274 836 3317 neeesse
866 3257 906 3317 ait
927 3254 1133 3317 Bobemorum
1156 3272 1208 3334 pa·

281 3346 407 3399 nonum
429 3358 508 3416 esse,
528 3341 582 3417 qui
602 3339 686 3401 dieat
706 3340 790 3419 quoti
811 3339 957 3401 Bohemis
978 3336 1134 3419 probetur,
1157 3344 1210 3397 aut

280 3441 348 3483 uon
369 3421 484 3483 debere
506 3424 571 3483 eius
593 3423 675 3483 dieta
688 3423 835 3485 Bohemis
857 3424 991 3504 plaeere,
1012 3422 1064 3501 ¹qui
1087 3426 1209 3481 reeuset

279 3524 366 3567 esse
382 3521 490 3567 eorum
520 3515 680 3586 patronus.
722 3507 870 3588 Magister
892 3526 925 3567 es
947 3504 1066 3566 Artium
1089 3509 1123 3563 et·
1141 3501 1208 3563 Phi-

178 3623 180 3670 ς
279 3588 465 3668 losophiae,
493 3609 557 3650 non
587 3592 767 3653 meministi:
798 3589 939 3653 Partibus
967 3608 1007 3649 ex
1028 3586 1111 3668 puris
1134 3581 1208 3645 nihil

179 3721 180 3730 ,
277 3672 443 3751 sequitur?
463 3671 546 3747 ,Quid
560 3674 606 3735 his
620 3674 788 3735 larvalibus
802 3672 989 3755 syllogismis
1011 3669 1094 3731 aliud
1116 3687 1207 3747 quee-

179 3755 180 3824 Ϊ
279 3757 343 3834 ris,
366 3754 441 3815 dum
464 3758 638 3821 uniuersale
659 3760 770 3819 misees
793 3753 991 3837 partieulari?
1013 3759 1045 3813 et
1066 3753 1127 3813 hoo
1147 3771 1209 3812 rur-

179 3831 180 3871 *
277 3859 350 3903 sum
373 3838 428 3916 illi,
450 3842 508 3901 uisi
533 3849 565 3901 ul
586 3848 641 3903 aut
660 3841 816 3903 Bohemus
839 3842 912 3917 sim,
939 3843 992 3897 aut
1014 3836 1119 3897 omnia
1140 3853 1210 3895 mes

178 4093 180 4100 ι

279 3940 467 3991 revoaarrm,
551 3979 554 3986 .

369 4006 422 4068 sie
437 4004 556 4070 incedis
572 4028 666 4089 super
680 4009 801 4090 amotas,
824 4014 855 4067 et
876 4002 1010 4067 lubrious
1030 4018 1073 4079 es,
1096 4007 1129 4060 ut
1150 4000 1210 4059 lee-

305 4113 403 4155 uuusrl
420 4123 472 4163 opp,
489 4114 901 4163 v.n.surst.nl'·eup.v01.1v.
1067 4084 1086 4145 2
