3159 4792
365 486 428 555 448
665 490 820 562 Disputatio
840 493 870 547 lt.
889 492 925 547 ti.
942 492 973 550 Is.
1066 574 1081 583 ,ἢ

365 696 465 758 neque
497 679 659 761 princeps,
699 697 800 758 neque
839 687 1003 761 tyrannus,
1039 680 1096 744 sed
1136 683 1285 744 vastatrix

368 762 505 822 omnium
525 761 636 833 bellua,
660 768 693 823 ut
713 763 825 825 Daniel
846 764 929 825 dieit.
969 803 972 810 =
1051 777 1055 785 '

426 844 476 911 68.
498 845 564 907 Nea
592 845 777 924 curandum,
809 848 835 906 si
862 846 998 923 babet1)
1032 848 1198 909 militantes
1227 848 1283 911 sibi

363 928 536 1010 prinsipes,
563 949 667 1011 reges,
697 929 747 990 vel
773 931 859 1011 ipsos
881 932 973 991 etiam
996 930 1162 1009 Caesares,
1195 932 1283 994 titulo

365 1011 517 1073 eoelesiae
539 1013 724 1076 inmutatus

426 1097 472 1160 69
496 1094 554 1171 Qui
587 1096 642 1157 sub
674 1096 794 1157 latrone
830 1096 941 1159 militat
970 1098 1124 1177 (quisquis
1156 1096 1280 1182 inerit),

366 1178 492 1239 militiae
520 1198 594 1239 suae
624 1179 790 1259 perieulum
821 1198 890 1239 eum
928 1188 1055 1273 aeterna
1084 1180 1284 1244 damnatione

364 1267 534 1341 exspeotet.

422 1348 469 1410 70.
492 1344 558 1407 Neu
581 1345 680 1408 salvat
701 1364 808 1425 roges,
841 1346 1015 1425 principes,
1046 1348 1101 1409 sed
1123 1368 1182 1409 neo
1207 1348 1284 1412 (ιιι

362 1400 465 1505 sures,
502 1428 585 1507 quod
615 1429 767 1490 iactantur
801 1428 952 1490 eeclesiae
986 1429 1181 1512 defensores,
1214 1452 1282 1493 oum

363 1512 443 1573 seire
464 1516 637 1587 teneantur,
660 1509 732 1591 quid
753 1511 795 1571 sit
814 1511 947 1573 eoelesiu
962 1511 1007 1589 ²).

426 1598 476 1659 7l.
497 1593 691 1676 impossibile
713 1594 777 1673 luit,
800 1614 897 1675 papus
920 1595 1055 1657 tondere
1071 1597 1167 1679 leges,
1191 1598 1281 1665 utiles

364 1678 515 1754 eeclesiae
538 1686 569 1741 et
590 1676 726 1738 fidelium
748 1678 850 1739 saluti

426 1763 475 1825 72.
497 1761 598 1824 Primo
634 1758 716 1840 quod
751 1761 873 1822 fuerunt
900 1768 931 1822 et
965 1769 1035 1823 sunt
1073 1762 1259 1825 homines
1249 1786 1280 1825 ιιι

367 1843 530 1924 Scripturis
552 1842 754 1905 indoctissimi
782 1853 813 1905 ιι
834 1845 1102 1926 negligentissimi,
1130 1847 1214 1942 quod
1241 1856 1282 1909 ιι-

365 1933 483 1987 stantur
505 1947 610 1989 eorum
634 1926 758 1987 decreta
781 1934 812 1988 et
834 1928 995 2007 epistolae

448 2012 497 2075 73.
520 2009 629 2090 Neque
652 2012 731 2070 enim
755 2031 795 2072 ex
818 2017 884 2071 toto
899 2030 1029 2091 corpore
1044 2012 1217 2109 papistiui
1208 2014 1279 2074 ruris

363 2100 394 2153 et
416 2094 615 2173 epistolarum
649 2093 767 2155 discere
798 2094 933 2176 poteris,
968 2094 1039 2173 quid
1077 2095 1117 2155 sit
1138 2097 1280 2176 ecelesia,

362 2174 449 2255 fides,
472 2176 607 2259 verbum,
630 2184 778 2259 praesepi
779 2197 829 2236 ιιιιι
851 2176 919 2238 Dei.

435 2262 494 2329 74.
516 2260 591 2321 ldeo
615 2258 670 2321 fuit
691 2280 835 2338 neeesse,
858 2278 955 2341 papas
977 2259 1166 2359 ambitione,
1177 2282 1279 2343 super-

362 2341 413 2405 bia
463 2345 607 2423 avaritia,
642 2344 722 2404 lastu
745 2363 815 2404 esse
837 2344 1126 2423 excaecatissimos,
1159 2346 1190 2405 in
1220 2364 1280 2424 qua

360 2436 394 2487 're
416 2389 538 2487 inerunt
525 2434 680 2507 tsemper
702 2426 958 2505 exercitatissimi,
980 2426 1055 2487 uto.
1068 2392 1175 2489 Pet'rus
1197 2427 1278 2493 dioit

444 2514 494 2575 75.
516 2509 612 2571 Iudex
651 2509 840 2591 eupiditate
852 2515 883 2570 et
905 2510 972 2570 aliis
994 2511 1095 2589 pravis
1118 2510 1278 2572 affeotibus

361 2598 468 2673 eaptus
507 2594 681 2653 necessario
714 2593 830 2653 iudieat
860 2594 938 2653 siout
966 2612 1078 2654 oaeous
1100 2594 1139 2655 de
1161 2596 1277 2657 oolore.

444 2676 493 2739 76
516 2676 613 2736 Ηοι
604 2676 663 2756 ipsi
685 2676 773 2736 iurist
774 2696 811 2736 ae
835 2677 988 2755 fatentur,
1025 2678 1150 2739 decreta
1179 2699 1279 2760 papae

361 2760 543 2841 graveolere
567 2760 766 2839 ambitionem
800 2766 832 2820 ιι
850 2761 1027 2840 avaritiam,
1065 2781 1125 2823 neo
1156 2764 1277 2844 mirum,

362 2848 433 2903 sunt
443 2844 535 2903 euim
557 2832 737 2924 ignorantes
759 2843 828 2906 Dei

445 2930 496 2992 77.
518 2926 568 3005 Et,
591 2927 674 3007 quod
689 2928 852 2988 canonista
865 2947 958 3007 purus
981 2934 1028 2989 est
1049 2928 1153 2990 asinus
1174 2948 1275 3007 verus,

362 3009 444 3091 quod
467 2973 591 3071 verbuln
614 3017 662 3070 est
682 3010 774 3091 plane
797 3011 999 3074 verissimum.

340 3136 342 3151 .
444 3095 492 3158 78
515 3094 607 3153 Nulla
629 3093 791 3154 deoretalis
810 3100 866 3166 ιιι
890 3112 1045 3174 qnaenou
1067 3097 1097 3155 in
1113 3097 1278 3177 prinoipio

363 3177 464 3238 medio
496 3184 527 3237 ιι
548 3177 609 3237 line
634 3176 795 3238 horrendis
828 3176 1026 3258 blasphemiis
1061 3181 1187 3276 arroget
1214 3179 1279 3243 sibi

360 3258 528 3331 dominium
550 3261 769 3338 eealesiae‚et
737 3280 847 3357 aper
867 3260 929 3321 hoo
950 3280 1050 3321 rernm
1074 3264 1223 3323 omnium.

441 3342 491 3408 79.
513 3342 657 3404 Secundo
686 3350 733 3405 est
754 3344 845 3405 etiam
872 3343 944 3405 ideo
968 3345 1175 3426 impossibile,
1208 3348 1280 3426 quia

361 3426 635 3507 ultraSeripturam
659 3427 732 3487 nihil
756 3433 861 3507 potest
879 3428 981 3507 eundi,
1002 3428 1053 3489 vel
1074 3428 1206 3509 deiide,
1230 3431 1281 3491 vel

361 3510 400 3571 de
423 3511 568 3587 moribus,
587 3509 626 3571 ad
648 3510 778 3570 salutem
801 3512 1019 3573 necessarium.

443 3596 492 3659 80
515 3593 591 3655 Sed
598 3611 679 3671 quae
699 3593 814 3654 Caesar
836 3594 887 3654 vel
908 3594 986 3656 alius
999 3596 1172 3675 quicunque
1195 3596 1277 3676 prin·

361 3696 434 3758 eeps
457 3677 496 3738 de
517 3677 575 3737 hae
596 3678 659 3737 vita
680 3676 817 3755 ordinat,
835 3677 890 3738 ad
910 3676 1002 3739 fidem
1024 3698 1087 3740 non
1110 3679 1275 3781 pertinent,

361 3756 416 3820 sed
439 3766 509 3820 sunt
530 3778 585 3839 pao
608 3759 670 3821 hoo
691 3759 806 3821 mundo
829 3763 1013 3852 necessaria
1074 3812 1077 3819 .

416 3964 457 4033 1)
467 3964 499 4017 Iu
521 3965 564 4019 ed.
584 3966 669 4035 origo
688 3966 798 4020 habeat
835 3964 867 4035 2)
889 3966 979 4020 Finitu
997 3968 1042 4020 bie
1061 3971 1103 4020 ιιι
1121 3967 1207 4021 editio
1225 3969 1279 4047 ori·

357 4026 471 4103 pinalis,
491 4048 575 4105 quum
592 4052 676 4107 snpra
695 4034 878 4093 laudavimus.
