3159 4792
348 500 410 567 156
683 504 842 559 confimo
858 508 933 560 ratio

347 690 487 768 promisit
516 690 745 765 remissionem,
773 709 864 768 quam
894 692 952 751 nisi
974 692 1189 771 promisisset,
1223 711 1278 772 per

348 772 463 832 nullam
486 772 630 831 iustitiam
653 782 759 849 posset
781 774 923 834 obtineri.
966 773 1013 833 Ao
1034 776 1080 833 sio
1102 774 1192 845 lidos¹
1206 795 1277 854 pro-

349 856 502 914 missionis
525 854 605 914 illius
624 856 750 935 primum
774 864 805 915 et
818 877 936 916 summe
954 858 1130 917 necessaria
1143 865 1192 919 est
1206 877 1277 919 con-

350 936 486 1012 sessuro,
516 958 554 997 ne
577 938 655 999 forte
677 946 854 1017 praesumat
875 961 931 1000 sua
953 940 1132 1020 diligentia,
1155 961 1211 1012 sua
1233 961 1277 1001 re·

350 1020 550 1095 collectione,
574 1022 636 1080 suis
660 1021 772 1082 viribus
795 1023 894 1083 Deum
916 1043 1088 1103 provocare
1110 1022 1149 1084 ad
1173 1026 1277 1083 remis-

350 1104 467 1163 sionem
482 1111 690 1183 peccatcrum,
714 1124 782 1164 oum
805 1106 865 1165 iam
878 1107 962 1167 Deus
983 1108 1050 1186 ipse
1073 1115 1104 1166 et
1120 1108 1279 1167 remittere

350 1187 559 1265 paratissimus
587 1190 782 1266 praevenerit
811 1208 900 1267 eum,
923 1208 960 1249 ac
981 1190 1083 1268 potius
1106 1189 1145 1248 ad
1168 1209 1278 1270 accep-

349 1268 472 1327 tandam
501 1272 714 1331 remissionem
744 1281 775 1331 et
803 1273 1030 1335 confessionem
1058 1272 1278 1353 praestandam

349 1350 490 1411 allexerit
511 1372 548 1411 ac
569 1356 800 1433 provocaverit,
830 1354 967 1415 bonitate
989 1354 1186 1415 dulcissimae
1209 1375 1277 1435 pro-

349 1453 502 1495 mrssroms
526 1455 609 1498 suae.

736 1602 883 1665 Tertium.

436 1758 607 1833 Antequam
632 1755 785 1815 sacerdoti
810 1754 992 1815 confiteatur
1013 1755 1148 1832 vicario,
1170 1756 1277 1833 ntique

352 1846 476 1915 oportet
498 1839 627 1916 primum
651 1838 835 1898 confiteatur
857 1838 988 1917 principi
1017 1838 1074 1917 ipsi
1096 1838 1177 1897 Deo.
1221 1838 1278 1898 Hic

350 1937 425 1978 vero
448 1938 512 1978 rem
536 1921 616 1979 serio
640 1924 770 1980 tractare
795 1927 928 2000 oportet,
950 1922 1023 1998 quia
1044 1921 1180 1979 divinum
1205 1940 1277 1981 ocu-

349 2002 427 2079 lum,
464 2001 542 2061 sicut
574 2002 649 2061 nihil
672 2003 761 2079 latet,
797 2004 841 2062 ita
868 2003 943 2063 nihil
963 2003 1053 2066 fallit.
1100 2002 1203 2078 Quare
1227 2004 1278 2063 hic

349 2085 541 2163 propositum
564 2084 698 2145 melioris
716 2088 809 2164 vitae,
831 2095 862 2147 et
884 2086 986 2145 odium
1009 2089 1129 2166 peccati
1152 2094 1278 2165 oportet

349 2167 415 2225 sine
437 2165 632 2227 simulatione
654 2167 815 2230 discutere.
857 2169 937 2229 uam·
967 2168 1042 2228 nihil
1070 2170 1134 2229 fere
1156 2170 1276 2230 confes-

349 2268 437 2309 suros
459 2249 607 2330 plurimos
635 2250 726 2328 fallit,
765 2270 855 2330 quam
887 2251 1005 2311 subtilis
1030 2253 1092 2312 ista
1119 2251 1276 2312 simulatio

349 2340 380 2391 et
403 2333 650 2411 profundissima,
674 2335 945 2415 quaeplernmque
962 2335 1130 2395 violentum
1154 2338 1276 2415 peccati

350 2414 452 2475 odium
471 2420 509 2476 'et
530 2418 720 2496 propositum
743 2419 879 2478 melioris
907 2419 989 2478 vitae
1018 2438 1072 2497 per
1099 2419 1161 2478 vim
1185 2421 1274 2478 simu-

349 2497 413 2576 lat,
444 2500 534 2558 etiarn
566 2518 669 2559 coram
695 2502 834 2580 seipsis.
878 2500 968 2576 Quod
996 2502 1071 2560 satis
1098 2499 1210 2582 probat
1232 2502 1277 2561 in·

347 2579 421 2639 lelix
444 2588 589 2658 eventus,
620 2582 670 2643 ubi
702 2592 774 2662 post
804 2585 1031 2645 confessionem
1061 2585 1123 2644 cito
1145 2582 1278 2644 redeunt

349 2661 387 2721 ad
416 2664 589 2743 ingenium,
623 2668 653 2725 et
683 2667 768 2725 velut
803 2686 916 2746 magno
952 2685 1047 2727 onere
1070 2666 1276 2727 confessionis

349 2744 457 2824 levati,
487 2745 588 2807 denuo
613 2768 719 2809 secure
742 2750 863 2826 vivunt,
892 2757 954 2809 tam
977 2750 1105 2824 curiosi,
1127 2750 1198 2810 'imo
1222 2752 1276 2810 im:

349 2847 500 2887 memores
522 2832 672 2910 propositi
704 2833 766 2905 sui,
801 2852 862 2911 qua
895 2852 956 2891 una
983 2852 1017 2892 re
1050 2833 1124 2892 satis
1147 2843 1277 2917 possent

349 2912 435 2991 argui
457 2930 531 2973 suae
553 2912 685 2974 fictionis
707 2914 947 2976 infelicissimae.

431 3028 533 3104 Quare
555 3032 605 3091 hic
632 3041 756 3111 oportet
782 3033 939 3093 hominem
978 3051 1048 3093 esse
1077 3031 1278 3112 liberrimum,

348 3118 380 3172 et
399 3112 437 3173 de
459 3134 493 3173 se
513 3116 542 3174 in
566 3116 681 3195 seipso
696 3117 823 3176 omnino
844 3116 1064 3195 pronunciare,
1084 3116 1165 3175 sicut
1187 3118 1275 3177 inve-

348 3196 394 3255 nit
415 3214 485 3256 sese
506 3196 659 3274 affectum,
682 3200 760 3258 sicut
777 3199 887 3275 vellet,
909 3200 935 3259 si
957 3198 1041 3257 nulla
1063 3205 1147 3259 esset
1161 3218 1276 3278 poena,

349 3277 450 3337 nullus
474 3279 574 3356 Deus,
602 3280 718 3340 nullum
740 3290 939 3361 praeceptum
963 3289 1021 3341 eto.
1063 3280 1111 3341 Ac
1133 3283 1211 3342 sicut
1233 3284 1277 3342 di·

349 3368 432 3421 seret
458 3362 488 3421 in
512 3380 617 3423 aurern
645 3366 754 3424 secreti
786 3365 954 3444 cuiuspiam
984 3365 1089 3441 amici,
1125 3364 1177 3425 ubi
1199 3365 1277 3425 nihil

348 3443 476 3523 puderet
499 3447 603 3507 omnia
624 3466 678 3506 sua
699 3446 848 3523 revelare,
872 3448 934 3507 imo
957 3449 1036 3507 sicut
1049 3466 1151 3507 secum
1171 3447 1276 3525 vellet,

347 3526 499 3588 liberrime
534 3528 573 3588 de
600 3530 661 3589 suis
692 3530 774 3608 loqui
803 3531 902 3606 vitiis,
934 3531 977 3589 ita
1005 3530 1148 3608 loquatur
1169 3549 1276 3590 coram

348 3609 425 3687 Deo,
449 3612 498 3689 qui
521 3612 617 3672 multo
642 3613 738 3693 magis
761 3631 818 3673 nos
840 3612 948 3693 diligit,
971 3632 1061 3691 quam
1083 3614 1143 3692 ipsi
1165 3632 1231 3673 nos.

359 3725 362 3737 ¹
431 3728 507 3787 Nam
531 3730 556 3789 si
581 3730 730 3808 quispiam
747 3730 1161 3790 essenon-inveneritserio
1185 3729 1276 3790 affec-

350 3816 411 3867 tum
435 3810 517 3871 bono
540 3814 717 3891 preposite,
746 3814 852 3872 nescio
882 3831 920 3871 an
944 3818 1040 3873 tutum
1064 3813 1104 3871 sit
1125 3813 1275 3873 confiteri.

348 3891 416 3965 Hoc
437 3896 518 3967 scio,
549 3895 657 3954 melius
680 3894 736 3955 sibi
759 3914 845 3972 esse,
877 3896 902 3954 si
925 3894 1093 3956 abstineret
1114 3915 1134 3956 a
1155 3896 1275 3956 confes-

349 3974 446 4034 sione.
488 3975 554 4036 Nec
575 3978 606 4037 in
628 3976 689 4037 hoc
710 3985 908 4058 praeceptum
931 3978 1083 4041 ecclesiae
1106 3979 1275 4057 curandum
