3159 4792
508 506 543 561 de
560 508 610 563 illo
629 510 696 571 Lne.
715 508 781 571 ill:
798 510 985 595 Dimittuntur
1002 517 1055 567 ete.
1172 509 1236 579 399

311 691 415 834 1iiiiiiiits
435 690 550 773 diligit,
571 693 629 755 sed
649 700 774 773 sonus,
797 695 898 767 miuus
919 694 1038 775 diligit,
1059 697 1108 757 oui
1131 698 1232 758 miuus

333 775 484 843 imittirrr.

378 861 427 922 10.
449 857 483 927 ld
510 859 672 923 manifeste
706 862 879 939 nonvinsit,
914 862 1128 930 remissionem
1163 883 1234 924 esse

312 943 477 1021 gratuitam
496 950 532 1003 et
553 942 671 1023 absque
695 945 822 1022 meritis,
845 943 1043 1007 ditectionem
1065 966 1141 1017 vero
1164 966 1234 1014 esse

313 1025 444 1084 frnotum
467 1044 523 1085 seu
546 1026 776 1089 confessionem
800 1028 990 1088 remissionis
1013 1029 1158 1101 donatio.

379 1111 427 1171 11.
449 1106 553 1184 Quare
575 1117 607 1171 et
627 1110 690 1171 hoo
710 1110 979 1174 alterumverbum
993 1112 1105 1182 Christi
1128 1120 1233 1187 teneu-

313 1190 388 1334 ξιιμ]
410 1198 441 1333 elt
462 1192 635 1288 urgendum
664 1200 732 1271 est,
763 1201 873 1262 nonme
902 1202 1065 1275 protervos
1091 1195 1234 1264 falsarios

335 1293 403 1333 urus
437 1292 497 1336 ooi.
749 1312 752 1323 .

379 1358 429 1419 12.
452 1358 588 1426 Tettium
611 1366 660 1424 est
681 1360 751 1440 ipsa
770 1359 923 1440 parabola
944 1366 977 1419 et
997 1365 1135 1438 tutarer,
1156 1380 1235 1440 qnae

313 1458 370 1519 per
392 1439 546 1506 Christum
567 1440 629 1503 boo
651 1442 722 1506 looo
741 1444 866 1523 geritur,
888 1443 936 1503 oui
957 1442 1170 1522 parabolaeot
1188 1445 1233 1510 rei

314 1524 484 1584 convenire
506 1523 620 1585 debent
646 1523 726 1607 (uon
745 1524 901 1607 pugnare)
917 1525 1001 1585 diota
1012 1526 1149 1591 eiusdem
1164 1528 1234 1597 looi.

380 1606 569 1686 13.'Aperte
590 1608 666 1669 dieit
687 1608 838 1687 parabola
856 1610 919 1672 hoo
940 1609 1030 1685 loeo,
1061 1607 1144 1688 quod
1172 1610 1235 1669 toe-

312 1690 575 1753 ueratorduobua
588 1690 791 1771 debitoribus,
813 1693 866 1771 qni
887 1701 1053 1755 nouerant
1072 1692 1234 1770 solvamini,

312 1774 450 1853 gratuito
472 1774 599 1833 remittit
621 1774 734 1837 debita.

381 1856 429 1919 14.
451 1855 491 1920 Et
523 1858 659 1921 remissis
692 1856 805 1920 debitis
839 1859 960 1936 quaerit
981 1858 1134 1934 Christus,
1167 1866 1235 1918 uter

313 1937 385 2019 plus
408 1936 528 2019 diligat,
550 1959 590 1999 ou
613 1940 665 2001 ille
686 1941 736 2003 oui
757 1940 842 2021 plns,
864 1941 915 2001 rel
937 1942 989 2006 oui
1011 1943 1111 2011 minus
1131 1942 1233 2006 dinis·

312 2041 382 2083 sum
404 2027 460 2083 est.

380 2107 429 2172 15,
452 2104 636 2166 Pharisaeus
658 2106 723 2187 hio,
745 2104 900 2185 probante
924 2106 1064 2184 Christo,
1086 2114 1171 2173 raris
1192 2110 1236 2175 ire

313 2186 414 2264 dieat,
444 2188 564 2251 scilieet
591 2208 660 2251 eum
689 2188 759 2269 plus
786 2188 935 2271 diligere,
962 2191 1012 2250 oni
1041 2190 1110 2270 plns
1131 2190 1236 2251 dimis-

312 2289 382 2331 sum
406 2271 453 2329 sit.

378 2354 427 2417 16.
449 2353 512 2415 lstn
537 2355 643 2415 omnin
664 2361 809 2434 potenter
829 2354 1059 2433 demonstrant,
1083 2356 1164 2435 quod
1186 2377 1231 2416 re·

313 2436 421 2498 missio
444 2437 612 2516 praesudat
633 2437 848 2517 ditectionem,
881 2446 914 2500 et
940 2438 1065 2507 dileetio
1087 2449 1233 2519 sequatur

312 2538 539 2580 remissionem.

378 2605 427 2667 17.
451 2603 522 2667 Nou
545 2605 626 2664 euim
649 2603 782 2685 diligunt
808 2602 966 2665 debitores
993 2604 1232 2682 foeneratorem,

312 2684 417 2827 idoneo
445 2688 475 2747 ei
504 2686 633 2765 debent,
654 2706 715 2749 neo
744 2688 958 2752 remissionem
990 2690 1159 2770 impetrent
1189 2690 1232 2754 di·

324 2769 459 2831 eetioue.

377 2852 425 2915 18.
446 2851 548 2913 Multo
572 2853 671 2913 miuus
694 2852 835 2934 diligunt,
854 2871 924 2913 oum
945 2853 1007 2914 iam
1029 2855 1164 2933 exigitor
1183 2873 1232 2915 so·

313 2934 402 3011 intio,
425 2944 455 2995 et
477 2936 535 3015 ipsi
557 2934 633 2997 nibil
653 2935 785 3015 babent,
815 2942 901 2997 etse
922 2934 1061 2998 damnari
1084 2944 1232 2998 metuunt

380 3020 428 3081 19.
450 3016 511 3077 Sed
540 3026 613 3078 tune
643 3020 794 3099 inoipiunt
820 3018 966 3099 diligere,
997 3037 1066 3080 oum
1095 3020 1231 3085 remissis
1267 3032 1271 3037 “

315 3099 429 3163 debitis
450 3102 552 3163 seouri
573 3101 773 3165 dimittuntur.
1224 3107 1229 3115 '

376 3185 426 3249 20.
447 3182 494 3245 lta
516 3192 549 3245 et
569 3204 637 3263 uos,
659 3204 729 3245 oum
751 3185 938 3246 solutionem
956 3183 1131 3250 debitorum
1145 3203 1231 3265 prite-

311 3273 400 3409 ἕηκε
421 3286 483 3327 non
506 3286 688 3348 possumus,
719 3268 788 3329 solo
809 3268 992 3329 remittentis
1019 3269 1121 3349 gratie
1147 3269 1232 3334 iusti-

333 3368 449 3414 (wilt.

376 3435 427 3497 21.
450 3432 483 3495 Si
505 3434 586 3496 euim
609 3452 668 3494 uos
690 3432 847 3495 debitores
862 3434 978 3495 merib's
993 3453 1155 3515 possemus
1176 3433 1231 3498 ob·

312 3515 410 3578 tinere
433 3522 633 3595 peecatorum
655 3518 887 3597 remissionem,
916 3517 1100 3581 haberemus
1128 3518 1232 3595 utique

311 3598 396 3662 unde
418 3598 629 3662 redderemus.

373 3685 425 3745 22.
450 3682 513 3745 sed
536 3688 638 3744 textus
660 3682 744 3743 olere
775 3683 865 3759 dieit,
895 3702 964 3745 oum
994 3703 1058 3748 non
1082 3682 1233 3754 haberent

311 3766 396 3825 unde
418 3764 594 3844 redderent,
616 3765 745 3826 donavit
765 3766 912 3845 utrisque.
1154 3789 1158 3794 ·
1228 3826 1233 3838 ,

374 3850 427 3915 23.
450 3848 575 3913 Donum
608 3867 682 3912 vero
716 3867 779 3915 non
810 3856 859 3910 est
887 3850 1027 3912 meritum
1055 3849 1231 3945 recipientis

309 3928 477 4007 debitoris,
511 3931 568 3991 sed
595 3933 695 4011 gratia
724 3932 897 3991 miserentis
927 3938 959 3990 et
985 3930 1144 4010 largientis
1168 3932 1230 3993 foe-

310 4016 476 4077 ueratoris.
