3159 4792
584 499 618 552 de
636 447 764 555 libertate
782 496 946 554 Christiana.
1156 496 1218 564 223

296 685 431 764 quaein
452 690 485 746 te
503 692 593 757 aunt,
623 703 693 746 eoae
723 705 849 765 proraua
871 685 1051 766 culpabilia,
1081 691 1220 766 peccota,

295 766 475 830 damnanda
494 769 580 829 iuxta
601 767 677 829 illud
693 766 736 847 l),
757 770 848 830 Rom.
872 772 907 834 3:
937 768 1052 832 Omnes
1075 787 1221 848 peccave·

294 858 365 912 runt
386 858 420 912 et
441 858 535 931 egent
555 852 732 933 gloriaDei.
755 853 847 913 ltern:
868 852 939 912 Non
962 853 1135 928 eminatas,
1158 871 1221 914 non

295 941 352 1008 eat,
377 933 672 1013 quifaciatbonum,
695 955 802 997 omnes
817 935 1056 1012 declinaverunt,
1078 934 1168 994 simul
1179 937 1221 994 in·

295 1017 468 1081 utileofacti
479 1024 558 1082 eunt.
580 1017 649 1078 Hoc
670 1019 751 1078 enim
765 1019 890 1099 cognito
914 1021 992 1080 scies
1006 1017 1158 1081 Christum
1171 1037 1221 1078 ne-

295 1101 464 1161 cessarium
479 1100 543 1178 tibi,
558 1103 609 1179 qui
621 1121 676 1180 pro
689 1110 719 1163 te
733 1121 842 1181 passus
858 1108 888 1162 et
904 1103 1101 1164 resuscitatus
1119 1108 1175 1180 est,
1190 1109 1221 1162 ut

294 1185 326 1244 in
345 1203 418 1245 eum
441 1183 571 1246 credens
591 1183 669 1244 aliua
690 1186 785 1246 horno
807 1185 867 1245 hac
887 1183 948 1246 tide
976 1183 1076 1262 fieres,
1100 1184 1221 1247 donatia

296 1266 440 1328 omnibus
453 1268 589 1346 peccatis
602 1267 669 1341 tuis,
691 1274 723 1328 et
741 1266 906 1330 iustificato
922 1275 953 1328 te
974 1267 1082 1328 alienis
1098 1269 1221 1345 meritis,

294 1369 410 1430 nempe
432 1349 544 1410 Christi
566 1350 672 1412 aolino.
1047 1411 1048 1416 ,

337 1433 415 1493 cum
424 1451 500 1512 ergo
507 1432 739 1494 haecfidesnon
747 1435 806 1493 nisi
815 1435 846 1495 in
860 1433 985 1494 homine
996 1433 1141 1494 interiore
1151 1453 1221 1514 reg-

295 1535 371 1577 nare
383 1517 494 1596 poenit,
508 1517 588 1577 siout
603 1516 678 1577 dicit
689 1517 777 1580 Rom.
795 1519 849 1582 10:
868 1515 969 1576 Corde
982 1516 1115 1576 creditur
1128 1517 1166 1576 ad
1179 1519 1221 1576 iu-

295 1600 422 1676 stitiam,
444 1604 476 1658 et
490 1599 558 1659 sola
578 1599 816 1679 ipsaiustih'cet,
839 1600 1032 1673 manifestum
1047 1605 1103 1677 est,
1124 1600 1220 1660 homi-

295 1701 365 1742 nem
379 1683 556 1742 interiorem
571 1701 696 1762 prorsus
706 1683 792 1744 nullo
811 1687 939 1745 externo
956 1701 1050 1760 opere
1063 1682 1112 1743 vel
1127 1701 1220 1762 nego·
1247 1687 1252 1695 ‘

295 1767 340 1826 tio
356 1783 452 1844 posue
464 1764 630 1843 iustificari,
657 1764 786 1827 liberum
801 1771 832 1826 et
844 1765 961 1826 salvum
975 1764 1050 1842 fieri,
1073 1772 1104 1826 et
1126 1784 1222 1844 opera

296 1865 500 1928 quaecunque
522 1847 563 1911 ad
590 1868 658 1909 eum
682 1847 757 1908 nihil
776 1849 939 1928 pertinere.
984 1847 1068 1910 Sicut
1095 1855 1221 1910 econtra

296 1931 365 1993 eolo
399 1932 559 2010 impietate
588 1938 620 1992 et
639 1931 855 1992 incredulitate
882 1931 985 1998 cordia
1008 1951 1078 1992 reue
1101 1930 1151 2009 fit,
1191 1937 1222 1992 et

297 2033 405 2074 servus
429 2016 547 2094 peccati
571 2014 779 2091 damnandus,
818 2014 902 2076 nullo
931 2022 1059 2076 externo
1091 2021 1221 2094 peccato
1295 2069 1299 2073 .

298 2097 349 2158 vel
372 2117 478 2177 opere.
522 2096 624 2172 Quare
649 2097 813 2159 cuiuslibet
835 2097 998 2160 Christiani
1027 2100 1127 2178 prima
1149 2117 1222 2158 cura

298 2199 369 2241 eoae
393 2180 495 2259 dehet,
517 2186 551 2240 ut
572 2182 673 2261 posita
696 2200 823 2262 operum
838 2182 984 2260 opinione
1008 2181 1106 2242 solam
1129 2179 1219 2242 fidem

298 2265 398 2344 magia
421 2283 460 2325 ac
480 2265 578 2344 magis
600 2263 741 2344 roboret,
770 2272 802 2324 et
823 2282 878 2344 per
899 2263 1028 2324 eandem
1052 2271 1170 2325 oreaoat
1191 2265 1222 2324 in

300 2347 496 2426 cognitione,
530 2367 592 2408 non
615 2367 759 2427 operum,
785 2346 842 2407 aed
865 2346 977 2407 Christi
998 2348 1083 2424 Iesu,
1111 2366 1166 2426 pro
1188 2367 1223 2408 ae

298 2431 611 2510 passietresusoitati,
625 2438 659 2490 ut
667 2431 775 2492 Petrus
787 2435 802 2494 1
816 2431 896 2494 Petr.
909 2431 963 2491 adt.
985 2427 1133 2507 docct2),
1155 2449 1223 2491 oum

298 2513 417 2574 nullum
439 2513 522 2573 aliud
546 2533 626 2594 opus
646 2514 740 2576 faciat
759 2513 973 2577 Christianum.
1016 2513 1067 2576 Sic
1089 2513 1225 2578 Christus

299 2597 364 2659 loh.
387 2599 423 2674 6,
447 2615 515 2657 cum
539 2597 643 2658 ludaei
664 2599 900 2679 interrogarent,
924 2596 995 2677 quid
1016 2598 1167 2676 facerent,
1191 2605 1225 2659 ut

300 2686 505 2760 operarentur
535 2700 631 2761 opero
653 2681 726 2759 Dei,
762 2700 890 2762 operum
918 2681 1127 2759 multitudine,
1161 2700 1222 2759 qua

182 2808 183 2817 ,
302 2762 374 2824 illos
397 2762 524 2825 videbat
545 2771 682 2844 turgere,
705 2765 829 2843 repulsa
849 2783 941 2824 unum
965 2765 1008 2825 eia
1032 2763 1222 2844 praescribit,

300 2845 423 2907 dicens:
445 2846 515 2908 Hoc
535 2853 583 2907 eet
595 2865 674 2926 opus
685 2847 752 2923 Dei,
774 2846 951 2908 utoredatie
973 2848 1005 2906 in
1028 2867 1108 2925 eum,
1130 2866 1220 2926 quem

300 2931 385 2990 misit
406 2929 471 2991 ille.
512 2930 603 2991 Hunc
624 2931 703 2990 enim
726 2929 818 2990 Pater
839 2929 973 3010 signavit
991 2929 1085 2990 Deus.
1198 2949 1199 2954 ¹

381 3012 464 3073 Hinc
483 3020 569 3074 recta
589 3014 620 3074 in
643 3013 766 3074 Christo
785 3011 863 3074 fides
885 3011 1134 3090 incomparabilia
1158 3011 1221 3072 the-

299 3115 408 3157 saurus
431 3103 495 3173 eat,
529 3115 634 3158 aecum
666 3096 784 3157 habena
817 3096 989 3156 universam
1012 3094 1157 3172 salutern,
1190 3101 1221 3155 et

298 3198 427 3240 servans
451 3179 490 3241 ab
513 3181 598 3240 omni
619 3181 720 3253 malo,
751 3181 829 3240 aient
851 3179 943 3238 Marc.
965 3177 1018 3237 ult.
1041 3177 1127 3238 dicit:
1161 3175 1221 3252 Qui

299 3262 466 3324 or'ediderit
499 3271 530 3323 et
550 3263 719 3343 baptisatus
735 3263 765 3339 ³)
790 3263 899 3340 luerit,
933 3262 1035 3322 salvus
1059 3262 1132 3341 erit3
1170 3263 1221 3341 qui

298 3366 361 3409 non
397 3345 575 3427 crediderit,
613 3345 877 3409 condemnabitur,
917 3343 1015 3419 Quem
1046 3345 1220 3406 thesaurum
1313 3401 1319 3408 .

298 3429 395 3490 Ioniae
429 3430 544 3490 intutus
576 3430 730 3509 praedixit
757 3434 810 3495 10:
848 3428 982 3490 Verbum
1011 3427 1220 3492 abbreviatum

300 3519 330 3572 et
358 3531 579 3573 consummans
613 3513 707 3574 faciet
727 3513 878 3574 Dominus
912 3531 1004 3592 super
1031 3519 1158 3590 terram,
1190 3517 1222 3570 et

300 3601 515 3655 consummata
535 3595 727 3657 abbreviatio
749 3595 909 3657 inundabit
939 3595 1100 3674 iustitiam,
1134 3595 1221 3672 quani

300 3676 401 3739 dicat:
423 3678 525 3756 Fides,
550 3697 628 3758 quae
650 3685 698 3738 eat
719 3676 820 3740 brevia
843 3684 874 3740 et
896 3685 1108 3739 consummata
1124 3677 1220 3756 pleni-

373 3821 406 3890 1)
427 3822 458 3874 In
480 3821 522 3874 ed.
553 3823 623 3890 orig.
653 3827 680 3874 et
708 3804 751 3874 ed.
773 3819 855 3874 1521:
888 3821 964 3870 iuxta
989 3817 1057 3870 illud
1076 3815 1158 3872 Rom.
1178 3817 1218 3874 2:

302 3891 403 3947 Omnes
423 3922 466 3954 -,
486 3899 513 3946 et
530 3892 612 3946 Rom.
632 3893 674 3947 32¹
692 3909 748 3945 non
774 3897 817 3945 est
835 3896 885 3943 etc.
923 3891 955 3954 2)
978 3891 1007 3942 ln
1028 3889 1069 3942 ed.
1092 3890 1157 3944 1521
1180 3892 1220 3943 oio

302 3965 415 4034 legitur:
444 3967 601 4018 resuscitati
621 3964 667 4033 (ut
695 3967 726 4017 in
748 3965 794 4018 Pe.
823 3963 920 4015 ultimo
948 3961 1043 4028 docet)
1076 3977 1137 4013 curn
1169 3968 1218 4015 etc.

281 4049 284 4052 ⁴
303 4035 332 4100 3)
351 4037 470 4092 Ibidem:
489 4037 654 4106 baptizatus.
