3159 4792
557 532 653 581 eontra
672 524 839 583 Antiuomos
857 527 892 583 de
909 526 982 598 iege.
1169 523 1232 591 428
1305 541 1308 544 ’

310 716 482 801 pensatum,
503 714 623 775 nullum
645 733 769 794 quoque
791 734 862 777 esse
883 716 1036 778 Christum
1057 715 1232 795 redempto·

310 816 374 858 rem
397 818 417 858 a
439 804 578 879 peooato.
622 796 674 859 Sio
696 800 777 858 enim
798 800 867 880 ipse
889 785 1027 862 Christus
1050 799 1139 860 dioit:
1161 799 1231 876 Non

304 881 358 941 ‘est
380 899 457 961 opus
481 880 599 941 medioo
622 881 805 945 valentibus.

372 964 422 1027 26.
453 964 530 1026 (ium
552 970 654 1025 autem
677 964 816 1025 Obristus
846 967 981 1043 venerit,
1014 984 1078 1026 nou
1109 965 1232 1026 solvere

310 1045 365 1107 sed
387 1047 516 1127 implere
538 1048 650 1127 legem,
672 1048 782 1109 frustra
803 1050 898 1129 venit,
921 1050 946 1108 ιι
968 1049 1052 1109 nulla
1074 1050 1114 1108 sit
1134 1048 1231 1109 lexin

311 1128 400 1191 nobis
422 1130 589 1211 implenda

375 1215 423 1277 27.
447 1210 488 1273 St
507 1233 575 1277 oum
594 1213 646 1273 lex
657 1213 715 1273 Dei
727 1214 862 1293 requirat
875 1211 1083 1275 obedientiam
1095 1220 1233 1274 nostram

312 1314 388 1375 erga
408 1296 524 1373 Deum,
547 1296 659 1357 tollunt
679 1297 729 1357 isti
750 1296 949 1357 nomomaohi
971 1297 1064 1357 etiam
1081 1298 1233 1394 obedien

310 1379 384 1439 tiam
404 1399 479 1460 erga
502 1381 634 1441 Deum

373 1464 421 1527 28.
451 1463 537 1522 Ex
529 1465 566 1523 ris
593 1462 627 1521 fit
655 1462 864 1540 manifestum,
896 1460 979 1541 quod
1003 1469 1091 1523 satan
1114 1464 1234 1523 inistis

312 1545 375 1605 suis
398 1547 521 1625 organis
545 1545 706 1607 verbaliter
728 1552 847 1607 tautum
862 1545 955 1606 dooet
968 1553 1139 1626 peooatum,
1161 1566 1233 1625 poe-

312 1628 471 1689 nitentiam
496 1635 527 1690 et
549 1629 713 1690 Christum.

375 1714 424 1775 29.
447 1712 569 1773 Revera
591 1720 710 1773 autem·
718 1711 799 1773 tollit
815 1710 978 1790 Christum,
1000 1711 1233 1791 poeniteutiam,

314 1800 492 1875 peecatum,
515 1798 546 1855 ιι
567 1796 739 1856 universam
763 1793 967 1875 Scriptorum,
993 1814 1056 1854 uno
1077 1810 1146 1854 oum
1164 1794 1234 1873 ipso

313 1877 381 1937 Deo
404 1879 470 1937 eius
493 1887 612 1938 autore.

376 1962 423 2025 30.
455 1960 495 2021 lit
523 1964 642 2041 cogitat
662 1967 797 2021 statuere
818 1960 1102 2040 pestilentissimam
1124 1960 1235 2020 seouri-

314 2049 418 2122 tatem,
441 2052 601 2140 oontempt
602 2064 651 2105 um
663 2045 730 2121 Dei,
752 2045 977 2125 impunitatem,
1001 2051 1033 2105 et
1054 2052 1234 2124 perpetuom

314 2124 592 2206 impoenitentiam
603 2128 694 2208 pius
691 2146 796 2205 quarn
819 2126 999 2207 Epicurus
990 2146 1101 2206 ipse

375 2212 425 2274 31.
453 2210 521 2271 Hoo
543 2218 671 2271 testator
692 2210 745 2269 iila
766 2228 829 2270 vox
851 2228 957 2270 eorum
969 2208 1089 2288 ‚quod
1119 2209 1168 2268 lex
1190 2228 1235 2268 ιι

313 2303 387 2372 guat
408 2301 597 2373 ριιιιιιιιιι,
615 2301 646 2355 ιι
668 2293 790 2375 quidem
814 2294 881 2354 sine
903 2256 1017 2373 Spiritu
1039 2300 1146 2352 saneto
1170 2300 1234 2352 tan
1320 2348 1327 2358 ,

314 2386 377 2437 tum
402 2376 441 2437 ad
465 2378 767 2459 condemnationffem
834 2401 836 2406 ·

376 2462 426 2523 32
447 2460 509 2521 Hio
527 2468 665 2541 apparet,
687 2479 741 2521 eos
765 2459 848 2521 velle
865 2458 927 2521 tale
941 2464 1103 2556 pestutum
1120 2457 1235 2536 dooeri,

313 2542 398 2623 quod
421 2564 482 2605 non
508 2544 704 2623 condemnet,
727 2544 807 2605 forte
776 2541 914 2623 quod
925 2543 1018 2602 etiam
1031 2558 1099 2602 stne
1113 2540 1236 2601 Christo

314 2626 956 2689 salvet·

378 2712 427 2774 33.
457 2710 536 2769 Nam
564 2711 588 2769 si
618 2717 779 2790 peceatum
808 2727 871 2772 ιιοιι
893 2708 1035 2783 damnat.
1063 2715 1175 2784 restat,
1204 2712 1238 2768 ut

316 2792 453 2853 Christus
482 2814 544 2853 non
574 2793 738 2855 redemerit
765 2812 824 2854 nos
850 2812 870 2853 a
897 2799 1028 2873 peooato
1059 2791 1237 2869 damnante,

314 2878 357 2937 ita
378 2895 437 2937 neo
458 2877 526 2936 ab
518 2896 564 2936 rra
586 2878 652 2937 Dei.

379 2961 428 3025 34
460 2960 623 3023 Peccatum
646 2960 727 3019 enim
738 2978 812 3020 non
835 2958 986 3029 damnans
1009 2964 1057 3019 ιιι
1078 2962 1237 3037 peoostum

321 3043 440 3121 melius,
464 3062 554 3121 quum
578 3044 618 3103 ιιι
638 3045 706 3123 ipsa
726 3043 843 3108 iustitia
865 3049 897 3103 et
918 3042 991 3104 vitu.

380 3128 429 3191 35.
453 3124 532 3201 Quid
556 3127 637 3186 enim
660 3133 708 3186 est
729 3126 863 3204 beatius,
887 3144 978 3207 quam
1002 3129 1164 3206 peooatum
1188 3121 1239 3181 ha·

318 3208 392 3270 bere
414 3228 477 3269 non
500 3208 659 3286 damnans,
681 3208 711 3269 id
736 3214 794 3287 ιιι,
816 3226 880 3269 non
902 3210 1039 3269 existens
1055 3205 1239 3287 peecatum?

381 3295 430 3357 36.
453 3292 549 3373 Igitur
571 3255 675 3353 amot'a
696 3293 766 3373 lege
785 3254 831 3351 ita
852 3310 974 3351 sumus·
967 3292 1240 3371 -satviapeooam,

318 3382 351 3435 ut
372 3394 412 3435 ne
429 3376 554 3449 Christo
580 3374 704 3455 quidem
727 3394 892 3455 egeamus
896 3372 1066 3436 mediatore
1087 3382 1145 3435 eto.

381 3458 428 3523 37
461 3458 521 3519 Sed
545 3466 576 3519 et
602 3459 662 3519 hoo
687 3458 799 3518 salsum
829 3463 891 3534 est,
926 3456 1009 3537 quod
1037 3458 1104 3517 siue
1126 3456 1240 3535 Spiritu

318 3550 427 3603 saneto
450 3548 560 3623 arguat
548 3542 631 3604 tlex
653 3548 825 3621 peooatum,
847 3559 916 3602 oum
937 3540 991 3601 lex
1011 3540 1052 3601 sit
1068 3541 1182 3619 scripta
1198 3538 1240 3597 di-

319 3628 384 3707 gito
407 3626 474 3686 Dei.

383 3709 432 3772 38.
462 3708 502 3768 Et
524 3707 623 3768 omnis
645 3708 773 3784 veritas,
795 3705 970 3787 ubieunque
991 3711 1054 3782 ιιι,
1087 3724 1107 3764 ι
1128 3702 1241 3783 Spiritu

321 3800 429 3853 saneto
452 3800 515 3868 ιιι,
550 3797 581 3850 et
609 3790 764 3876 prohiberi
798 3789 899 3869 legem
933 3796 981 3850 est
968 3788 1162 3849 ιιιιιιιιιιιι
1184 3788 1241 3846 Dei

320 3874 580 4023 ρῖο3ιιη17011ιιι
601 3955 704 4035 legem
726 3955 767 4016 ob
789 3954 851 4015 hoo
867 3952 1011 4032 offitium,
1034 3950 1116 4032 quod
1130 3957 1240 4029 arguat

321 4050 482 4122 peecatum
507 4040 546 4101 ad
567 4038 868 4117 condemnationem,
889 4036 1016 4098 evidens
1039 4043 1087 4097 est
1107 4036 1200 4097 ιιιιοι.
