3159 4792
507 494 509 501 y
566 534 601 589 da
621 534 744 589 consiliis
764 532 943 604 evangelicis.
1148 480 1218 594 451⁴

411 778 566 841 Differunt
607 736 821 881 Pafflffi
847 774 1080 862 Evangelicam.

377 922 579 1003 Praeceptum
603 928 650 983 est
667 919 808 982 doctrina
819 919 877 979 Dei
899 916 1063 1000 generalis,
1086 930 1209 975 omnem

278 1006 449 1148 'homirpem
491 1024 614 1086 semper
653 1003 795 1085 obligans
844 1000 900 1085 snb
950 1018 1053 1086 poena
1090 996 1210 1078 peceati

289 1094 544 1235 mort{ildrsrisiliurrr
574 1176 621 1231 est
655 1170 797 1232 doctrina
824 1168 883 1229 Dei
918 1165 1078 1247 specialis,
1110 1160 1209 1221 solum

289 1254 430 1336 obligans
455 1253 510 1316 sub
533 1254 776 1335 poenapeccati
798 1251 948 1329 venialis,
978 1268 1036 1331 pro
1070 1252 1211 1326 tempore

287 1340 376 1402 huius
398 1339 490 1401 vitae.

374 1421 460 1481 Haec
483 1428 530 1482 est
558 1419 717 1500 theologia
754 1416 967 1499 vulgatissima
988 1429 1089 1493 papae
1111 1416 1143 1469 et
1163 1425 1211 1467 so·

288 1504 475 1585 phialarum,
497 1510 528 1563 et
550 1504 593 1563 ita
614 1509 756 1582 recepta,
785 1507 819 1561 nt
841 1500 933 1577 etiam
955 1494 1088 1577 probata
1111 1493 1150 1552 sit
1171 1488 1209 1550 ab

164 1580 165 1603 ι
287 1589 358 1668 ipso
382 1586 412 1650 S.
434 1587 571 1647 Iohanne
592 1586 690 1663 Huss,
724 1586 755 1645 in
778 1602 816 1645 eo
838 1583 907 1663 ipso
930 1580 1033 1654 libro,
1055 1576 1095 1637 ob
1118 1592 1209 1654 quem

289 1688 398 1751 passus
421 1673 469 1813 ιὸι
491 1671 611 1751 igpem,
647 1666 780 1753 namgad
813 1665 940 1748 verbum
967 1663 1033 1749 sepe
1056 1658 1148 1722 refert
1171 1674 1210 1718 ea

292 1754 407 1828 omnia,
454 1772 503 1833 ap.
524 1756 553 1817 7.

372 1834 432 1897 Sed
459 1845 489 1895 et
511 1834 653 1899 Sarbena
684 1835 715 1895 in
737 1852 795 1897 suo
828 1831 952 1897 decreto
978 1826 1130 1897 ,adverada
1153 1821 1209 1884 Lu-

288 1918 407 1979 ther·um
430 1918 606 1979 damnatum
620 1917 724 1996 dictat,
747 1935 817 1977 esse
838 1914 917 1975 haec
937 1904 1097 1973 onerativa
1118 1905 1208 1966 nimis

289 2000 481 2063 Christianae
503 2002 670 2082 religionis,
687 2002 713 2060 si
735 2018 793 2081 pro
804 1997 977 2080 praeceptis
996 1992 1097 2058 teneri
1119 2006 1209 2069 opor-

288 2091 364 2146 teat.
400 2085 485 2145 ·Hinc
506 2085 559 2145 illa
580 2085 701 2145 famosa
723 2082 805 2163 apud
828 2100 883 2143 eos
904 2077 1086 2159 disputatio,
1108 2079 1208 2138 utrum

288 2167 341 2229 lex
362 2168 442 2229 Mosi
471 2168 511 2229 sit
532 2169 657 2249 gravior
686 2166 735 2227 vol
757 2163 936 2247 evangelii?
969 2161 1011 2223 Et
1040 2158 1210 2219 decernunt

227 2315 231 2319 ,
289 2251 346 2311 viri
369 2252 446 2312 tanti
468 2270 544 2312 sane
566 2250 791 2331 sapientissime
813 2250 844 2308 in
865 2248 949 2307 huno
971 2241 1114 2307 modum:

373 2334 438 2396 Lex
461 2341 493 2395 et
513 2334 720 2415 evangelium,
745 2351 806 2413 qno
825 2329 864 2392 ad
877 2326 1072 2411 gravitatem,
1093 2322 1209 2387 babent

288 2437 323 2478 se
346 2416 385 2477 ad
406 2418 554 2495 invicem,
583 2420 662 2477 sieut
684 2414 867 2477 excedentia
889 2418 921 2473 et
951 2428 1096 2487 excessa,
1136 2423 1208 2464 nam

290 2518 352 2580 quo
389 2501 429 2561 ad
470 2501 704 2582 abrogationem
738 2498 982 2560 ceremoniarum
1016 2488 1210 2572 evangelium

291 2592 339 2646 ast
359 2584 494 2664 facilius,
523 2583 578 2645 sed
600 2604 661 2665 quo
684 2582 723 2644 ad
744 2581 983 2663 prohibitionem
1004 2576 1100 2640 animi
1121 2590 1211 2635 evan-

291 2668 406 2749 gelium
437 2675 483 2728 est
503 2668 642 2749 gravius,
673 2668 744 2747 quia
772 2666 825 2726 lex
845 2683 984 2738 manum,
1017 2656 1211 2739 evangelium

291 2750 436 2833 probibet
447 2752 593 2829 animum,
616 2756 650 2811 ut
666 2749 740 2810 dicit
747 2749 895 2829 Magister
907 2746 959 2807 lib.
972 2747 1000 2808 3.
1013 2743 1146 2805 distinet.
1159 2739 1210 2803 40.

374 2834 431 2895 Hic
455 2834 557 2916 disce,
580 2835 673 2895 frater
695 2832 885 2908 Christiane,
925 2832 1073 2906 quantum
1095 2822 1211 2885 debeas

293 2918 455 2979 doctrinae
482 2917 553 2977 huic
576 2917 693 2998 (gratia
715 2915 789 2991 Dei)
814 2913 877 2974 hoc
905 2908 1011 2971 seculo
1039 2906 1209 2986 reparatae.

290 3001 370 3062 Nam
393 3000 466 3081 quid
492 2997 606 3083 (rogo)
630 3000 704 3061 facit
724 2996 814 3059 nobis
836 2995 987 3073 reliquum
1024 2987 1147 3052 tandem
1170 2984 1209 3045 de

290 3087 362 3165 ipso
398 3085 486 3146 Mose
517 3104 572 3144 seu
602 3082 755 3163 decalogo
788 3097 912 3160 quoque
937 3078 988 3154 (ut
1020 3072 1060 3134 de
1087 3070 1209 3133 Christo
1274 3129 1277 3134 ,

290 3174 428 3245 taceam)
452 3167 530 3228 haec
553 3166 711 3249 theologia
730 3159 927 3242 l’harisaioa?

374 3252 408 3312 In
431 3255 610 3334 perpetuam
630 3251 676 3311 rei
698 3248 894 3324 memoriam,
925 3242 1060 3305 maxime
1081 3254 1155 3299 vero
1177 3236 1210 3298 ιιι

291 3334 494 3416 redemptoris
517 3333 664 3415 gloriam,
696 3334 848 3393 istasunt
870 3326 998 3388 memori
1021 3328 1125 3386 mente
1146 3338 1210 3384 ser.-

292 3420 396 3483 vanda
426 3426 457 3479 et
479 3416 712 3497 exaggeranda,
747 3413 895 3477 adversus
929 3405 1211 3490 impudentissimos

290 3504 423 3584 rabulas,
445 3501 615 3584 papisticae
637 3497 875 3562 abominationis
898 3493 1087 3554 defensores.

373 3588 422 3647 Ex
444 3586 490 3646 his
520 3584 601 3645 eninr
634 3580 800 3662 intelligis,
831 3577 904 3659 quid
926 3575 1068 3638 voverint
1087 3570 1132 3632 illi
1154 3568 1210 3628 viri

291 3671 435 3753 perlecti,
463 3667 608 3730 monachi
630 3672 661 3727 et
682 3662 878 3741 sacerdotes,
913 3660 985 3720 dum
1007 3655 1138 3718 consilia
1161 3649 1211 3730 (id

292 3762 349 3835 est,
371 3755 429 3815 Dei
440 3748 624 3834 praecepta)
640 3751 739 3831 primo
762 3765 826 3808 non
836 3742 1012 3805 necessaria
1034 3736 1209 3800 Christiano

291 3837 330 3899 ad
359 3837 490 3899 salutem
520 3834 683 3913 docerent,
717 3829 829 3893 deinde
858 3844 941 3888 nova
970 3821 1146 3885 idololatria
1178 3818 1210 3876 in

292 3921 472 3983 traditiones
487 3920 646 3997 humanas,
669 3916 731 3976 imo
747 3912 966 3975 daemoniacas
983 3905 1139 3967 doctrinas
1161 3900 1211 3961 de·

291 4005 423 4087 fprrqata
445 4006 604 4072 voverent.
647 3999 726 4079 Nam
748 4000 915 4081 praecepta
934 3992 991 4051 Dei
1013 3989 1117 4051 tacere
1139 4002 1211 4045 con·

925 4072 999 4142 29*
