3159 4792
565 508 662 582 libror.
682 508 719 565 D.
736 508 771 568 ll.
789 509 919 576 butham,
1130 510 1193 579 183

266 694 370 754 imbres
403 694 520 771 nostri,
550 692 621 757 fidei
656 693 725 757 zelo
759 693 916 773 succensi,
932 712 1004 775 „per
1033 694 1192 776 proprium

265 797 350 836 suum
364 776 523 853 nuncium,
533 795 640 839 samaa
649 776 826 859 theologiae
832 777 1074 858 Baccalaurium,
1083 778 1192 841 librum

264 858 436 939 quendam,
467 859 524 921 sub
561 860 649 920 titulo
681 860 840 921 cuiusdam
870 861 902 921 F.
931 861 1052 922 Martini
1080 861 1193 923 Luther

264 946 466 1023 impressum,
499 942 538 1003 ad
571 962 629 1003 nos
663 944 903 1023 transmiserint,
937 944 1192 1025 expetieriutque,

266 1032 420 1106 qnatenus
434 1025 569 1086 caritatis
590 1025 693 1087 debito
717 1025 850 1087 eundem
873 1027 992 1104 librum,
1014 1047 1105 1107 quem
1118 1028 1193 1089 mul-

266 1118 367 1171 torum
392 1106 640 1189 Christitidelium
672 1129 762 1171 aures
794 1110 929 1190 graviter
957 1109 1123 1172 offendisse
1145 1130 1193 1173 ao-

266 1194 439 1273 cepissent,
463 1192 545 1271 quod
567 1211 665 1271 nova,
687 1193 828 1271 insolita,
851 1193 1004 1271 inaudita,
1039 1200 1070 1255 et
1099 1195 1195 1255 noxia

265 1274 420 1356 quaedam
454 1274 601 1356 dogmata
634 1276 666 1335 in
686 1274 748 1353 fide
770 1294 900 1338 erronea
922 1276 1088 1337 lectoribus
1110 1278 1194 1358 inge·

265 1364 364 1436 reret,
396 1358 582 1438 perlustrare
604 1365 635 1419 et
655 1360 834 1420 examinare
855 1359 1068 1441 dignaremur,
1091 1364 1194 1439 atque,

267 1443 292 1501 si
319 1442 366 1501 ita
401 1448 582 1520 mereretur,
614 1442 840 1521 reprobationis
873 1449 999 1505 nostrae
1033 1460 1195 1504 censuram

267 1523 484 1586 doctrinaliter
505 1523 733 1588 adhiberemus.

352 1629 418 1691 Nos
448 1636 513 1691 tam
542 1631 657 1691 sanctis
690 1629 850 1691 desideriis
878 1630 1026 1710 iustisque
1054 1626 1196 1710 precibus

268 1714 460 1775 confratrum
483 1719 657 1774 nostrorum
680 1714 789 1774 merito
812 1713 948 1775 inclinati
971 1730 1196 1794 praememora

269 1804 333 1857 tum
359 1797 479 1875 librum,
502 1796 741 1877 quadringentas
763 1802 796 1856 et
817 1798 994 1878 octuaginta
1016 1802 1087 1857 octo
1108 1796 1197 1877 pagi-

269 1900 325 1941 nas
344 1881 377 1940 in
402 1898 436 1940 se
457 1880 542 1939 iuxta
564 1898 723 1941 numerum
745 1879 806 1939 illis
828 1880 1012 1959 impressum
1038 1878 1196 1941 continen-

270 1971 343 2041 tem,
368 1961 529 2023 visendum
550 1961 811 2041 revisendumque
832 1962 990 2024 nonnullis
1012 1981 1051 2023 ex
1077 1962 1197 2045 gremio

270 2052 380 2107 nostro
403 2044 557 2127 Magistris
579 2047 800 2107 commisimus.
1232 2066 1235 2070 ·

354 2151 394 2211 Et
416 2151 561 2231 quoniam
589 2157 661 2232 post
694 2151 818 2211 illorum
847 2169 979 2211 examen
1010 2151 1104 2212 talem
1126 2170 1197 2211 eum

270 2234 375 2317 palam
399 2235 614 2315 comperimus,
639 2234 690 2313 qui
711 2233 815 2313 quoad
828 2238 985 2310 tractatus,
1008 2239 1040 2294 et
1055 2235 1198 2295 materias

272 2338 327 2399 per
349 2317 383 2381 F.
407 2318 569 2378 Martinum
591 2316 704 2378 Luther
725 2316 824 2379 editas
845 2323 938 2395 atque
961 2317 993 2375 in
1020 2316 1122 2377 lucem
1146 2318 1198 2394 (ut

271 2401 384 2479 fertur)
419 2400 524 2478 datas,
555 2401 657 2462 varios
686 2400 718 2460 in
746 2398 809 2461 fide
846 2405 877 2460 et
915 2398 1050 2461 moribus
1078 2418 1199 2459 errores

276 2485 442 2564 alienaque
465 2504 484 2545 a
505 2483 618 2543 sanctis
639 2482 827 2545 Ductoribus
850 2482 997 2563 dogmata
1018 2483 1199 2546 contineret.

359 2584 401 2645 Et
421 2584 581 2665 speciatim
595 2590 702 2645 sancta
719 2585 862 2663 vitaeque
877 2588 1022 2645 aeternae
1034 2582 1202 2660 meritoria,

275 2671 413 2730 humana
434 2686 531 2749 opera
551 2667 688 2746 infamet,
710 2674 741 2728 et
760 2673 880 2727 reatum
904 2668 948 2727 eis
964 2666 1091 2746 iniiciat,
1113 2665 1201 2746 quasi

277 2754 344 2813 sine
368 2751 460 2831 culpa
480 2749 547 2810 fieri
568 2769 631 2812 uon
654 2751 783 2835 possint

362 2851 472 2913 Sacrae
494 2850 684 2931 Scripturas,
713 2857 953 2929 sanatorumque
980 2848 1104 2909 Petrum
1134 2866 1203 2909 seu-

277 2936 390 2999 tentias
424 2940 618 3015 pervertens,
652 2936 685 2995 iu
722 2953 848 2995 sensum
880 2931 1085 3012 perniciosum
1130 2948 1204 2990 con·

278 3024 433 3099 torqueat.
911 3039 917 3053 ·

362 3101 576 3161 Poenitentiae
610 3106 835 3161 sacramentum
871 3093 1067 3177 dogmatibus
1105 3093 1204 3174 perui-

280 3185 372 3246 ciosis
395 3183 551 3261 annullet,
579 3184 661 3245 circa
683 3182 901 3245 contritionem
933 3176 1137 3239 scandalosos
1161 3195 1206 3237 er·

280 3288 365 3345 rores
386 3265 574 3327 inducendo.

364 3350 455 3413 Circa
486 3349 716 3413 confessionem
754 3353 864 3409 contra
890 3343 1073 3407 universalis
1110 3340 1208 3405 eccle·

281 3436 346 3497 siae
368 3439 506 3494 veterem
528 3432 699 3496 doctrinam
722 3428 1013 3511 perversaconeilia
1026 3422 1207 3507 ingerendo.

365 3515 497 3579 Omnem
525 3515 766 3578 satisfactionem
810 3512 933 3575 mortali
964 3510 1075 3590 culpae
1103 3508 1207 3603 remia

282 3620 335 3664 sae
358 3599 495 3662 debitam
519 3596 681 3676 cassando,
704 3615 773 3658 oum
794 3596 878 3657 Deus
904 3595 1207 3672 (utaitipse),cu1
1248 3647 1250 3651 .

282 3683 444 3749 moralem
457 3682 591 3763 culpam,
613 3699 735 3762 semper
756 3680 851 3741 etiam
874 3685 906 3740 et
920 3678 1206 3755 meritamposuam

284 3767 429 3831 remittat.

365 3848 556 3911 Thesaurum
591 3844 866 3937 indulgentiarum,
898 3861 975 3923 quas
1004 3858 1068 3901 non
1106 3838 1207 3900 solum

287 3932 323 3995 ab
346 3932 420 3999 olim
443 3932 568 3993 Patrum
590 3930 733 4008 Decreta,
756 3927 926 3991 sedetiam
948 3944 1036 3987 sacra
1057 3921 1208 4003 approba·

287 4022 394 4087 vaunt
414 4014 569 4094 conctis,
583 4033 622 4077 ex
642 4012 760 4077 frivolis
781 4009 1008 4078 irrationalibus
1028 4004 1209 4072 fundamen·
