3159 4792
396 522 438 589 ff)
611 524 700 594 Epist.
718 529 825 594 septem
844 530 947 593 preest
966 525 1089 578 virorum

827 711 895 777 Vll.

602 925 604 928 ,
660 846 783 914 notorii
805 846 840 919 ull
859 844 1003 918 lutherus
1018 843 1058 925 *t
1116 924 1119 933 ¹

476 1014 630 1080 lohannes
653 1012 822 1078 Frobeniue
844 1012 975 1077 Martius
997 1010 1130 1073 Luthero
1154 1008 1183 1073 S.
1207 1011 1244 1077 D.

407 1165 409 1170 ·
480 1129 572 1189 Dono
595 1131 680 1192 dedit
712 1131 784 1191 mibi
807 1131 927 1201 Blesius
949 1129 1125 1190 Salmonius
1147 1127 1322 1208 Bibliopole

398 1211 554 1291 Lipseneis
588 1215 618 1275 in
651 1215 800 1295 proximis
828 1212 972 1273 nundinis
1006 1211 1321 1278 Franolrfordeusibue

398 1293 522 1355 libellos
543 1299 647 1359 varios
669 1318 688 1358 a
710 1303 741 1357 te
762 1296 968 1373 eluoubretoe,
991 1314 1070 1374 quos
1092 1295 1228 1355 omnium
1249 1294 1320 1355 doo-

401 1383 500 1438 torum
523 1378 637 1441 iudioio
659 1380 808 1461 probatos
841 1382 922 1460 lypis
954 1379 1030 1439 meis
1064 1379 1168 1438 statim
1200 1378 1323 1455 exaudi,

399 1469 566 1522 sexeentoe
588 1465 618 1523 in
632 1463 767 1524 Galliam
791 1464 927 1523 misimus
941 1471 973 1523 et
993 1462 1023 1521 in
1036 1460 1228 1541 Hispaniam,
1251 1481 1322 1521 ren-

399 1543 655 1626 dunturPerisiis,
677 1546 821 1627 leguntur
843 1548 935 1606 etiem
958 1543 1176 1623 aSorbouioie,
1199 1551 1231 1605 et
1251 1562 1322 1625 puo-

399 1626 528 1708 bautnr,
556 1630 814 1709 quemadmodum
844 1630 935 1689 emioi
962 1630 1059 1689 nostri
1089 1646 1147 1689 nos
1175 1630 1322 1689 certiores

398 1711 610 1773 reddiderunt:
642 1712 785 1774 dixerunt
815 1713 880 1774 illio
913 1712 1084 1778 deotissimi
1117 1711 1258 1791 quidam,
1288 1732 1323 1772 ee

398 1795 459 1855 iem
483 1796 599 1874 pridem
623 1798 716 1858 talem
740 1796 912 1857 libertatern
925 1794 1119 1856 desiderasse
1141 1796 1172 1854 in
1193 1794 1251 1875 bis,
1270 1796 1322 1874 qui

400 1896 504 1938 mores
526 1880 630 1940 literae
652 1886 794 1940 metant.
1178 1945 1183 1957 ⁴

483 1961 597 2022 Calvus
620 1981 744 2042 quoquo
764 1961 936 2043 bibliopola
956 1960 1116 2041 Pepiensie
1129 2007 1139 2039 „
1158 1962 1205 2021 vir
1225 1960 1324 2021 erudi·

399 2044 534 2104 tissimus
557 2052 588 2105 st
604 2047 699 2107 musis
721 2063 823 2123 eaoer,
860 2044 973 2106 bonam
1007 2042 1181 2105 libellorum
1202 2050 1322 2123 perlem

398 2128 430 2188 in
443 2126 561 2187 ltaliam
584 2128 769 2209 deportavit,
792 2148 849 2208 per
871 2127 1133 2189 omneeoivitetes
1152 2146 1322 2207 sparsurus.

399 2209 509 2289 Neque
530 2214 612 2272 enim
634 2220 696 2273 tam
719 2218 875 2293 speciatur
896 2210 1028 2287 luorum,
1052 2228 1144 2289 quem
1165 2211 1252 2290 oupit
1270 2228 1324 2271 re-

401 2296 538 2355 nssoenti
560 2296 667 2375 pietati
689 2297 846 2376 suppetias
868 2294 964 2370 lerre,
991 2300 1023 2353 et
1044 2301 1196 2373 quatenus
1218 2300 1324 2374 potest

402 2375 562 2454 prodesse.
604 2379 633 2438 le
655 2381 796 2458 promisit
817 2379 855 2439 ab
878 2376 1021 2437 omnibus
1032 2374 1160 2439 eruditis
1181 2379 1213 2437 in
1234 2377 1324 2437 ltalia

400 2462 472 2521 viris
496 2462 718 2543 epigrammate
728 2482 762 2521 se
774 2463 936 2521 missurum
953 2462 984 2521 in
1008 2461 1051 2519 tui
1064 2460 1187 2521 leudem
1199 2462 1324 2541 euripis,

401 2545 599 2623 usqueadeo
622 2545 676 2605 tibi
690 2544 774 2605 lavet
784 2544 959 2623 Christique
971 2544 1109 2625 negotio,
1132 2544 1216 2625 quod
1238 2550 1325 2605 tenta

402 2629 578 2688 constantia
600 2635 661 2688 tam
684 2628 813 2689 viriliter
834 2634 959 2707 temque
979 2626 1106 2688 dextere
1129 2629 1218 2710 geris.

484 2710 642 2772 Miraberis
676 2711 780 2771 forsan
819 2710 858 2771 ds
886 2717 992 2771 nostra
1026 2716 1146 2773 tuorum
1174 2710 1324 2771 Aetomm

401 2792 548 2876 editione,
572 2794 660 2876 quod
678 2794 824 2856 ridslioet
844 2796 953 2873 partim
977 2793 1257 2875 Vuittsmbergensi
1278 2813 1325 2855 re—

401 2877 563 2959 spondeat,
586 2880 696 2958 partim
718 2897 801 2959 non,
834 2877 887 2939 sed
924 2896 1048 2940 oausam
1076 2878 1164 2939 endi:
1199 2879 1326 2939 miseret

401 2959 491 3022 nobis
513 2980 553 3022 ex
575 2963 717 3043 Auguste
727 2962 960 3023 Vindeliuorum
983 2962 1100 3021 emious
1122 2961 1245 3043 quidam
1269 2980 1324 3023 no·

400 3051 463 3104 ster
491 3045 739 3127 Responsionem
773 3053 856 3107 tuam
889 3044 1045 3107 Cardinali
1076 3044 1198 3124 datem3
1231 3046 1325 3105 etiem

400 3129 463 3188 iam
482 3129 688 3210 imprimenda
709 3137 789 3208 erat,
818 3148 888 3190 oum
910 3125 1025 3189 Oelvus
1054 3148 1095 3187 ex
1116 3127 1327 3209 Norimberge

400 3210 524 3271 rediens
554 3214 677 3273 unioum
707 3220 825 3273 lentum
854 3210 1150 3292 Vulttembsrgensis
1179 3211 1326 3275 editionis

400 3296 635 3373 quaternionem
658 3314 762 3356 seeum
778 3295 888 3373 attulit,
911 3296 1042 3375 primum
1055 3295 1209 3374 videlieet,
1231 3314 1325 3375 quern

401 3395 460 3437 noe
487 3379 589 3439 stetim
620 3380 731 3438 imitati
760 3379 909 3457 reliquam
937 3378 1023 3439 illem
1055 3386 1174 3465 partem
1203 3398 1242 3440 err
1262 3378 1327 3439 Au-

400 3467 491 3541 gusta
524 3461 614 3521 nobis
644 3462 769 3522 missam
801 3465 956 3542 uteunque
979 3465 1193 3525 annexuimus.
1236 3462 1328 3523 Nune

401 3564 475 3605 sero
511 3544 604 3605 Blasii
647 3544 799 3606 benefioio
839 3545 1137 3627 Vuittembssgensis
1181 3547 1328 3608 editionis

402 3628 562 3708 exemplar
583 3629 678 3708 nauti,
701 3628 784 3709 quod
808 3638 932 3691 nostrae
953 3628 1057 3709 deest,
1078 3648 1170 3709 quam
1194 3632 1328 3711 primum

401 3710 514 3792 licebit,
536 3710 667 3773 addituri
689 3730 804 3775 sumus.
847 3714 948 3775 Audio
974 3715 1057 3775 enim
1086 3734 1107 3774 a
1135 3714 1234 3775 doolis
1256 3734 1328 3794 pro-

402 3790 500 3935 bbii’·
520 3814 620 3938 tqrmm
654 3795 692 3855 de
727 3796 928 3859 Deos-storum
967 3797 1117 3857 violentia
1149 3798 1328 3863 coronidem

453 3896 518 3937 sors
545 3923 553 3939 .
726 3900 732 3907 ·

474 4061 503 4124 ⁸)
523 4060 593 4131 opp.
612 4042 693 4117 sud.
710 4063 754 4117 m.
776 4063 880 4117 wool.
900 4062 931 4115 u.
952 4062 1004 4120 xv
1022 4080 1049 4133 p.
1070 4063 1165 4121 roal.>
