<?xml version="1.0" encoding="UTF-8"?>
<!DOCTYPE html PUBLIC "-//W3C//DTD XHTML 1.0 Transitional//EN"
    "http://www.w3.org/TR/xhtml1/DTD/xhtml1-transitional.dtd">
<html xmlns="http://www.w3.org/1999/xhtml" xml:lang="en" lang="en">
 <head>
  <title>
</title>
<meta http-equiv="Content-Type" content="text/html;charset=utf-8" />
  <meta name='ocr-system' content='tesseract 3.04.00' />
  <meta name='ocr-capabilities' content='ocr_page ocr_carea ocr_par ocr_line ocrx_word'/>
</head>
<body>
  <div class='ocr_page' id='page_1' title='image "./operalatinavari04schmgoog_0341.png"; bbox 0 0 3159 4792; ppageno 0'>
   <div class='ocr_carea' id='block_1_1' title="bbox 647 516 1242 585">
    <p class='ocr_par' dir='ltr' id='par_1_1' title="bbox 647 516 1242 585">
     <span class='ocr_line' id='line_1_1' title="bbox 647 516 1242 585; baseline 0.008 -7"><span class='ocrx_word' id='word_1_1' title='bbox 647 516 683 578; x_wconf 83' lang='lat' dir='ltr'><strong>l).</strong></span> <span class='ocrx_word' id='word_1_2' title='bbox 703 524 736 579; x_wconf 81' lang='grc'><strong>11.</strong></span> <span class='ocrx_word' id='word_1_3' title='bbox 755 524 875 579; x_wconf 86' lang='lat' dir='ltr'><strong>Lutheri.</strong></span> <span class='ocrx_word' id='word_1_4' title='bbox 1179 518 1242 585; x_wconf 85' lang='lat'><strong>333</strong></span> 
     </span>
    </p>
   </div>
   <div class='ocr_carea' id='block_1_2' title="bbox 293 688 1237 2946">
    <p class='ocr_par' dir='ltr' id='par_1_2' title="bbox 309 688 1236 869">
     <span class='ocr_line' id='line_1_2' title="bbox 351 688 1236 789; baseline -0.003 -20"><span class='ocrx_word' id='word_1_5' title='bbox 351 688 384 770; x_wconf 73' lang='lat'><strong>&#39;⁸2</strong></span> <span class='ocrx_word' id='word_1_6' title='bbox 397 690 508 787; x_wconf 64' lang='lat' dir='ltr'><strong>„igitur</strong></span> <span class='ocrx_word' id='word_1_7' title='bbox 527 722 622 771; x_wconf 81' lang='lat' dir='ltr'><strong>namo</strong></span> <span class='ocrx_word' id='word_1_8' title='bbox 644 710 752 771; x_wconf 89' lang='lat' dir='ltr'><strong>beatus</strong></span> <span class='ocrx_word' id='word_1_9' title='bbox 775 716 837 789; x_wconf 83' lang='lat' dir='ltr'><strong>est,</strong></span> <span class='ocrx_word' id='word_1_10' title='bbox 865 710 923 769; x_wconf 91' lang='lat' dir='ltr'><strong>nisi</strong></span> <span class='ocrx_word' id='word_1_11' title='bbox 952 710 1003 788; x_wconf 92' lang='lat' dir='ltr'><strong>qni</strong></span> <span class='ocrx_word' id='word_1_12' title='bbox 1025 706 1186 769; x_wconf 79' lang='lat' dir='ltr'><strong>deliciatur</strong></span> <span class='ocrx_word' id='word_1_13' title='bbox 1206 709 1236 766; x_wconf 91' lang='lat' dir='ltr'><strong>in</strong></span> 
     </span>
     <span class='ocr_line' id='line_1_3' title="bbox 309 788 541 869; baseline 0.022 -22"><span class='ocrx_word' id='word_1_14' title='bbox 309 788 382 869; x_wconf 84' lang='lat' dir='ltr'><strong>lege</strong></span> <span class='ocrx_word' id='word_1_15' title='bbox 406 791 541 852; x_wconf 87' lang='lat' dir='ltr'><strong>Domini.</strong></span> 
     </span>
    </p>

    <p class='ocr_par' dir='ltr' id='par_1_3' title="bbox 310 872 1237 1034">
     <span class='ocr_line' id='line_1_4' title="bbox 352 872 1237 955; baseline -0.001 -20"><span class='ocrx_word' id='word_1_16' title='bbox 352 875 383 935; x_wconf 89' lang='lat'><strong>3.</strong></span> <span class='ocrx_word' id='word_1_17' title='bbox 406 872 440 932; x_wconf 94' lang='lat' dir='ltr'><strong>ln</strong></span> <span class='ocrx_word' id='word_1_18' title='bbox 462 874 533 955; x_wconf 84' lang='lat' dir='ltr'><strong>lega</strong></span> <span class='ocrx_word' id='word_1_19' title='bbox 553 875 703 935; x_wconf 80' lang='lat' dir='ltr'><strong>facturum</strong></span> <span class='ocrx_word' id='word_1_20' title='bbox 727 894 788 936; x_wconf 89' lang='lat' dir='ltr'><strong>non</strong></span> <span class='ocrx_word' id='word_1_21' title='bbox 803 874 1079 953; x_wconf 84' lang='lat' dir='ltr'><strong>deliciaturhomo,</strong></span> <span class='ocrx_word' id='word_1_22' title='bbox 1101 875 1158 933; x_wconf 87' lang='lat' dir='ltr'><strong>nisi</strong></span> <span class='ocrx_word' id='word_1_23' title='bbox 1182 894 1237 954; x_wconf 87' lang='lat' dir='ltr'><strong>per</strong></span> 
     </span>
     <span class='ocr_line' id='line_1_5' title="bbox 310 954 518 1034; baseline 0.029 -21"><span class='ocrx_word' id='word_1_24' title='bbox 310 954 414 1034; x_wconf 85' lang='lat' dir='ltr'><strong>legem</strong></span> <span class='ocrx_word' id='word_1_25' title='bbox 435 956 518 1020; x_wconf 82' lang='lat' dir='ltr'><strong>ndei.</strong></span> 
     </span>
    </p>

    <p class='ocr_par' dir='ltr' id='par_1_4' title="bbox 308 1039 1237 1203">
     <span class='ocr_line' id='line_1_6' title="bbox 351 1039 1237 1121; baseline 0 -23"><span class='ocrx_word' id='word_1_26' title='bbox 351 1039 514 1114; x_wconf 67' lang='grc'><strong>111111,</strong></span> <span class='ocrx_word' id='word_1_27' title='bbox 552 1043 604 1119; x_wconf 86' lang='lat' dir='ltr'><strong>qui</strong></span> <span class='ocrx_word' id='word_1_28' title='bbox 627 1040 727 1121; x_wconf 85' lang='lat' dir='ltr'><strong>legem</strong></span> <span class='ocrx_word' id='word_1_29' title='bbox 750 1040 822 1102; x_wconf 87' lang='lat' dir='ltr'><strong>fidei</strong></span> <span class='ocrx_word' id='word_1_30' title='bbox 856 1060 876 1101; x_wconf 92' lang='lat' dir='ltr'><strong>a</strong></span> <span class='ocrx_word' id='word_1_31' title='bbox 904 1041 975 1121; x_wconf 85' lang='lat' dir='ltr'><strong>lege</strong></span> <span class='ocrx_word' id='word_1_32' title='bbox 1010 1040 1158 1101; x_wconf 83' lang='lat' dir='ltr'><strong>factorum</strong></span> <span class='ocrx_word' id='word_1_33' title='bbox 1183 1048 1237 1101; x_wconf 83' lang='lat' dir='ltr'><strong>aut</strong></span> 
     </span>
     <span class='ocr_line' id='line_1_7' title="bbox 308 1120 766 1203; baseline 0.011 -24"><span class='ocrx_word' id='word_1_34' title='bbox 308 1120 516 1183; x_wconf 87' lang='lat' dir='ltr'><strong>membrorum</strong></span> <span class='ocrx_word' id='word_1_35' title='bbox 538 1142 600 1183; x_wconf 87' lang='lat' dir='ltr'><strong>non</strong></span> <span class='ocrx_word' id='word_1_36' title='bbox 624 1126 766 1203; x_wconf 84' lang='lat' dir='ltr'><strong>seiungit.</strong></span> 
     </span>
    </p>

    <p class='ocr_par' dir='ltr' id='par_1_5' title="bbox 307 1205 1235 1350">
     <span class='ocr_line' id='line_1_8' title="bbox 350 1205 1235 1287; baseline 0 -20"><span class='ocrx_word' id='word_1_37' title='bbox 350 1208 380 1267; x_wconf 83' lang='lat'><strong>5.</strong></span> <span class='ocrx_word' id='word_1_38' title='bbox 403 1206 494 1267; x_wconf 77' lang='lat' dir='ltr'><strong>Enat</strong></span> <span class='ocrx_word' id='word_1_39' title='bbox 514 1208 599 1282; x_wconf 90' lang='lat' dir='ltr'><strong>item,</strong></span> <span class='ocrx_word' id='word_1_40' title='bbox 622 1210 673 1286; x_wconf 91' lang='lat' dir='ltr'><strong>qui</strong></span> <span class='ocrx_word' id='word_1_41' title='bbox 695 1210 775 1267; x_wconf 87' lang='lat' dir='ltr'><strong>inter</strong></span> <span class='ocrx_word' id='word_1_42' title='bbox 795 1206 897 1287; x_wconf 83' lang='lat' dir='ltr'><strong>legem</strong></span> <span class='ocrx_word' id='word_1_43' title='bbox 921 1206 1056 1266; x_wconf 88' lang='lat' dir='ltr'><strong>divinam</strong></span> <span class='ocrx_word' id='word_1_44' title='bbox 1078 1205 1235 1267; x_wconf 80' lang='grc'><strong>11111111-</strong></span> 
     </span>
     <span class='ocr_line' id='line_1_9' title="bbox 307 1289 1097 1350; baseline 0.013 -5"><span class='ocrx_word' id='word_1_45' title='bbox 307 1306 380 1346; x_wconf 87' lang='lat' dir='ltr'><strong>nam</strong></span> <span class='ocrx_word' id='word_1_46' title='bbox 404 1308 466 1349; x_wconf 93' lang='lat' dir='ltr'><strong>non</strong></span> <span class='ocrx_word' id='word_1_47' title='bbox 491 1289 646 1350; x_wconf 87' lang='lat' dir='ltr'><strong>discernit.</strong></span> <span class='ocrx_word' id='word_1_48' title='bbox 1090 1320 1097 1329; x_wconf 92' lang='lat'><strong>·</strong></span> 
     </span>
    </p>

    <p class='ocr_par' dir='ltr' id='par_1_6' title="bbox 351 1371 1115 1453">
     <span class='ocr_line' id='line_1_10' title="bbox 351 1371 1115 1453; baseline -0.004 -20"><span class='ocrx_word' id='word_1_49' title='bbox 351 1372 382 1433; x_wconf 87' lang='grc'><strong>6.</strong></span> <span class='ocrx_word' id='word_1_50' title='bbox 405 1371 474 1430; x_wconf 88' lang='lat' dir='ltr'><strong>Vim</strong></span> <span class='ocrx_word' id='word_1_51' title='bbox 497 1374 528 1432; x_wconf 82' lang='lat' dir='ltr'><strong>vi</strong></span> <span class='ocrx_word' id='word_1_52' title='bbox 549 1373 711 1453; x_wconf 81' lang='lat' dir='ltr'><strong>repellero,</strong></span> <span class='ocrx_word' id='word_1_53' title='bbox 734 1373 805 1453; x_wconf 88' lang='lat' dir='ltr'><strong>lege</strong></span> <span class='ocrx_word' id='word_1_54' title='bbox 827 1373 963 1432; x_wconf 87' lang='lat' dir='ltr'><strong>humana</strong></span> <span class='ocrx_word' id='word_1_55' title='bbox 985 1378 1115 1432; x_wconf 89' lang='lat' dir='ltr'><strong>constat.</strong></span> 
     </span>
    </p>

    <p class='ocr_par' dir='ltr' id='par_1_7' title="bbox 307 1454 1234 1601">
     <span class='ocr_line' id='line_1_11' title="bbox 349 1454 1234 1537; baseline -0.001 -21"><span class='ocrx_word' id='word_1_56' title='bbox 349 1457 380 1516; x_wconf 84' lang='lat'><strong>7.</strong></span> <span class='ocrx_word' id='word_1_57' title='bbox 404 1454 517 1515; x_wconf 89' lang='lat' dir='ltr'><strong>Divina</strong></span> <span class='ocrx_word' id='word_1_58' title='bbox 540 1456 591 1515; x_wconf 88' lang='lat' dir='ltr'><strong>lex</strong></span> <span class='ocrx_word' id='word_1_59' title='bbox 613 1458 755 1537; x_wconf 75' lang='lat' dir='ltr'><strong>imperat,</strong></span> <span class='ocrx_word' id='word_1_60' title='bbox 777 1462 809 1515; x_wconf 90' lang='lat' dir='ltr'><strong>et</strong></span> <span class='ocrx_word' id='word_1_61' title='bbox 831 1456 956 1536; x_wconf 85' lang='lat' dir='ltr'><strong>pallium</strong></span> <span class='ocrx_word' id='word_1_62' title='bbox 969 1454 1141 1515; x_wconf 85' lang='lat' dir='ltr'><strong>cedendum</strong></span> <span class='ocrx_word' id='word_1_63' title='bbox 1165 1475 1234 1521; x_wconf 85' lang='lat' dir='ltr'><strong>esso</strong></span> 
     </span>
     <span class='ocr_line' id='line_1_12' title="bbox 307 1536 599 1601; baseline 0.017 -6"><span class='ocrx_word' id='word_1_64' title='bbox 307 1536 432 1597; x_wconf 86' lang='lat' dir='ltr'><strong>tollenti</strong></span> <span class='ocrx_word' id='word_1_65' title='bbox 449 1540 599 1601; x_wconf 81' lang='lat' dir='ltr'><strong>tunicam.</strong></span> 
     </span>
    </p>

    <p class='ocr_par' dir='ltr' id='par_1_8' title="bbox 305 1619 1232 1764">
     <span class='ocr_line' id='line_1_13' title="bbox 348 1619 1232 1699; baseline 0 -17"><span class='ocrx_word' id='word_1_66' title='bbox 348 1620 377 1682; x_wconf 87' lang='grc'><strong>8.</strong></span> <span class='ocrx_word' id='word_1_67' title='bbox 401 1619 466 1680; x_wconf 83' lang='lat' dir='ltr'><strong>Lex</strong></span> <span class='ocrx_word' id='word_1_68' title='bbox 487 1621 631 1699; x_wconf 87' lang='lat' dir='ltr'><strong>humana,</strong></span> <span class='ocrx_word' id='word_1_69' title='bbox 656 1641 719 1682; x_wconf 91' lang='lat' dir='ltr'><strong>non</strong></span> <span class='ocrx_word' id='word_1_70' title='bbox 740 1622 939 1682; x_wconf 83' lang='lat' dir='ltr'><strong>consentiens</strong></span> <span class='ocrx_word' id='word_1_71' title='bbox 961 1619 1094 1698; x_wconf 84' lang='lat' dir='ltr'><strong>divinae,</strong></span> <span class='ocrx_word' id='word_1_72' title='bbox 1119 1622 1232 1682; x_wconf 86' lang='lat' dir='ltr'><strong>iniusta</strong></span> 
     </span>
     <span class='ocr_line' id='line_1_14' title="bbox 305 1708 380 1764; baseline 0.013 -3"><span class='ocrx_word' id='word_1_73' title='bbox 305 1708 380 1764; x_wconf 84' lang='lat' dir='ltr'><strong>est.&#39;</strong></span> 
     </span>
    </p>

    <p class='ocr_par' dir='ltr' id='par_1_9' title="bbox 302 1786 1231 1946">
     <span class='ocr_line' id='line_1_15' title="bbox 347 1786 1231 1866; baseline -0.002 -17"><span class='ocrx_word' id='word_1_74' title='bbox 347 1788 376 1849; x_wconf 83' lang='lat'><strong>9.</strong></span> <span class='ocrx_word' id='word_1_75' title='bbox 400 1786 464 1846; x_wconf 83' lang='lat' dir='ltr'><strong>Lex</strong></span> <span class='ocrx_word' id='word_1_76' title='bbox 487 1786 593 1847; x_wconf 84' lang='lat' dir='ltr'><strong>divina</strong></span> <span class='ocrx_word' id='word_1_77' title='bbox 615 1786 774 1848; x_wconf 79' lang='lat' dir='ltr'>concludit</span> <span class='ocrx_word' id='word_1_78' title='bbox 795 1806 903 1847; x_wconf 87' lang='lat' dir='ltr'><strong>omnes</strong></span> <span class='ocrx_word' id='word_1_79' title='bbox 920 1787 1062 1849; x_wconf 87' lang='lat' dir='ltr'><strong>homiues</strong></span> <span class='ocrx_word' id='word_1_80' title='bbox 1085 1786 1142 1847; x_wconf 91' lang='lat' dir='ltr'><strong>sub</strong></span> <span class='ocrx_word' id='word_1_81' title='bbox 1165 1806 1231 1866; x_wconf 87' lang='lat' dir='ltr'><strong>peo-</strong></span> 
     </span>
     <span class='ocr_line' id='line_1_16' title="bbox 302 1868 429 1946; baseline 0.024 -19"><span class='ocrx_word' id='word_1_82' title='bbox 302 1868 429 1946; x_wconf 72' lang='lat' dir='ltr'><strong>carol).</strong></span> 
     </span>
    </p>

    <p class='ocr_par' dir='ltr' id='par_1_10' title="bbox 303 1952 1235 2199">
     <span class='ocr_line' id='line_1_17' title="bbox 325 1952 1232 2033; baseline 0.003 -20"><span class='ocrx_word' id='word_1_83' title='bbox 325 1953 377 2013; x_wconf 90' lang='grc'><strong>10.</strong></span> <span class='ocrx_word' id='word_1_84' title='bbox 401 1952 471 2011; x_wconf 85' lang='lat' dir='ltr'><strong>Non</strong></span> <span class='ocrx_word' id='word_1_85' title='bbox 487 1952 559 2012; x_wconf 83' lang='lat' dir='ltr'><strong>ideo</strong></span> <span class='ocrx_word' id='word_1_86' title='bbox 570 1954 718 2033; x_wconf 82' lang='lat' dir='ltr'><strong>seqnitur,</strong></span> <span class='ocrx_word' id='word_1_87' title='bbox 730 1953 829 2013; x_wconf 84' lang='lat' dir='ltr'><strong>Deum</strong></span> <span class='ocrx_word' id='word_1_88' title='bbox 842 1953 1047 2033; x_wconf 84' lang='lat' dir='ltr'><strong>impossibilia</strong></span> <span class='ocrx_word' id='word_1_89' title='bbox 1059 1953 1232 2016; x_wconf 75' lang='lat' dir='ltr'><strong>mandasse.</strong></span> 
     </span>
     <span class='ocr_line' id='line_1_18' title="bbox 326 2034 1235 2117; baseline 0.001 -21"><span class='ocrx_word' id='word_1_90' title='bbox 326 2038 377 2096; x_wconf 94' lang='lat'><strong>11.</strong></span> <span class='ocrx_word' id='word_1_91' title='bbox 399 2034 477 2094; x_wconf 83' lang='lat' dir='ltr'><strong>Nam</strong></span> <span class='ocrx_word' id='word_1_92' title='bbox 499 2035 661 2114; x_wconf 84' lang='lat' dir='ltr'><strong>quoderat</strong></span> <span class='ocrx_word' id='word_1_93' title='bbox 676 2036 867 2115; x_wconf 84' lang='lat' dir='ltr'><strong>impossibile</strong></span> <span class='ocrx_word' id='word_1_94' title='bbox 884 2036 1055 2117; x_wconf 80' lang='lat' dir='ltr'><strong>perlegam</strong></span> <span class='ocrx_word' id='word_1_95' title='bbox 1072 2037 1235 2116; x_wconf 82' lang='lat' dir='ltr'><strong>fautorum,</strong></span> 
     </span>
     <span class='ocr_line' id='line_1_19' title="bbox 303 2117 854 2199; baseline 0.009 -23"><span class='ocrx_word' id='word_1_96' title='bbox 303 2117 455 2197; x_wconf 85' lang='lat' dir='ltr'><strong>possibile</strong></span> <span class='ocrx_word' id='word_1_97' title='bbox 475 2118 589 2179; x_wconf 79' lang='lat' dir='ltr'><strong>factum</strong></span> <span class='ocrx_word' id='word_1_98' title='bbox 613 2126 663 2179; x_wconf 83' lang='lat' dir='ltr'><strong>est</strong></span> <span class='ocrx_word' id='word_1_99' title='bbox 682 2119 752 2199; x_wconf 86' lang='lat' dir='ltr'><strong>lege</strong></span> <span class='ocrx_word' id='word_1_100' title='bbox 772 2118 854 2182; x_wconf 87' lang='lat' dir='ltr'><strong>tidsi.</strong></span> 
     </span>
    </p>

    <p class='ocr_par' dir='ltr' id='par_1_11' title="bbox 293 2202 1231 2448">
     <span class='ocr_line' id='line_1_20' title="bbox 325 2202 1231 2282; baseline 0.002 -19"><span class='ocrx_word' id='word_1_101' title='bbox 325 2204 376 2263; x_wconf 77' lang='lat'><strong>12.</strong></span> <span class='ocrx_word' id='word_1_102' title='bbox 399 2202 494 2279; x_wconf 86' lang='lat' dir='ltr'><strong>lgitnr</strong></span> <span class='ocrx_word' id='word_1_103' title='bbox 513 2205 617 2282; x_wconf 83' lang='lat' dir='ltr'><strong>iugum</strong></span> <span class='ocrx_word' id='word_1_104' title='bbox 641 2203 766 2262; x_wconf 86' lang='lat' dir='ltr'><strong>Domini</strong></span> <span class='ocrx_word' id='word_1_105' title='bbox 786 2221 882 2263; x_wconf 84' lang='lat' dir='ltr'><strong>suave</strong></span> <span class='ocrx_word' id='word_1_106' title='bbox 904 2208 967 2279; x_wconf 81' lang='lat' dir='ltr'><strong>est,</strong></span> <span class='ocrx_word' id='word_1_107' title='bbox 998 2208 1031 2262; x_wconf 85' lang='lat' dir='ltr'><strong>ot</strong></span> <span class='ocrx_word' id='word_1_108' title='bbox 1052 2221 1130 2263; x_wconf 90' lang='lat' dir='ltr'><strong>onus</strong></span> <span class='ocrx_word' id='word_1_109' title='bbox 1153 2202 1231 2265; x_wconf 84' lang='lat' dir='ltr'><strong>leve.</strong></span> 
     </span>
     <span class='ocr_line' id='line_1_21' title="bbox 331 2283 1189 2363; baseline -0.001 -18"><span class='ocrx_word' id='word_1_110' title='bbox 331 2286 378 2348; x_wconf 80' lang='lat'><strong>13.</strong></span> <span class='ocrx_word' id='word_1_111' title='bbox 401 2283 560 2363; x_wconf 78' lang='lat' dir='ltr'><strong>Siquidem</strong></span> <span class='ocrx_word' id='word_1_112' title='bbox 582 2284 643 2345; x_wconf 82' lang='lat' dir='ltr'><strong>fide</strong></span> <span class='ocrx_word' id='word_1_113' title='bbox 666 2284 880 2363; x_wconf 85' lang='lat' dir='ltr'><strong>iustificamur,</strong></span> <span class='ocrx_word' id='word_1_114' title='bbox 904 2284 1189 2356; x_wconf 63' lang='lat' dir='ltr'><strong>consectaneuml)</strong></span> 
     </span>
     <span class='ocr_line' id='line_1_22' title="bbox 293 2368 1231 2448; baseline -0.006 -16"><span class='ocrx_word' id='word_1_115' title='bbox 293 2375 362 2443; x_wconf 73' lang='lat' dir='ltr'><strong>est,</strong></span> <span class='ocrx_word' id='word_1_116' title='bbox 385 2374 417 2427; x_wconf 84' lang='lat' dir='ltr'><strong>et</strong></span> <span class='ocrx_word' id='word_1_117' title='bbox 439 2368 640 2429; x_wconf 78' lang='lat' dir='ltr'><strong>Sacramenta</strong></span> <span class='ocrx_word' id='word_1_118' title='bbox 661 2386 725 2427; x_wconf 89' lang='lat' dir='ltr'><strong>non</strong></span> <span class='ocrx_word' id='word_1_119' title='bbox 748 2370 807 2427; x_wconf 86' lang='lat' dir='ltr'><strong>nisi</strong></span> <span class='ocrx_word' id='word_1_120' title='bbox 830 2388 886 2448; x_wconf 87' lang='lat' dir='ltr'><strong>per</strong></span> <span class='ocrx_word' id='word_1_121' title='bbox 906 2368 997 2429; x_wconf 76' lang='lat' dir='ltr'><strong>[idem</strong></span> <span class='ocrx_word' id='word_1_122' title='bbox 1020 2370 1051 2428; x_wconf 90' lang='lat' dir='ltr'><strong>in</strong></span> <span class='ocrx_word' id='word_1_123' title='bbox 1075 2368 1231 2429; x_wconf 78' lang='lat' dir='ltr'><strong>Christum</strong></span> 
     </span>
    </p>

    <p class='ocr_par' dir='ltr' id='par_1_12' title="bbox 302 2448 545 2512">
     <span class='ocr_line' id='line_1_23' title="bbox 302 2448 545 2512; baseline 0.012 -3"><span class='ocrx_word' id='word_1_124' title='bbox 302 2448 448 2510; x_wconf 82' lang='lat' dir='ltr'><strong>efficacia·</strong></span> <span class='ocrx_word' id='word_1_125' title='bbox 466 2469 545 2512; x_wconf 86' lang='lat' dir='ltr'><strong>esse.</strong></span> 
     </span>
    </p>

    <p class='ocr_par' dir='ltr' id='par_1_13' title="bbox 301 2532 1232 2695">
     <span class='ocr_line' id='line_1_24' title="bbox 325 2532 1232 2615; baseline 0 -20"><span class='ocrx_word' id='word_1_126' title='bbox 325 2534 377 2595; x_wconf 81' lang='lat'><strong>14.</strong></span> <span class='ocrx_word' id='word_1_127' title='bbox 400 2532 488 2607; x_wconf 80' lang='lat' dir='ltr'><strong>Quae</strong></span> <span class='ocrx_word' id='word_1_128' title='bbox 509 2533 592 2594; x_wconf 82' lang='lat' dir='ltr'><strong>lidos</strong></span> <span class='ocrx_word' id='word_1_129' title='bbox 609 2541 643 2593; x_wconf 88' lang='lat' dir='ltr'><strong>ut</strong></span> <span class='ocrx_word' id='word_1_130' title='bbox 663 2534 755 2594; x_wconf 86' lang='lat' dir='ltr'><strong>huius</strong></span> <span class='ocrx_word' id='word_1_131' title='bbox 776 2535 818 2594; x_wconf 83' lang='lat' dir='ltr'><strong>ait</strong></span> <span class='ocrx_word' id='word_1_132' title='bbox 839 2532 953 2615; x_wconf 88' lang='lat' dir='ltr'><strong>operis,</strong></span> <span class='ocrx_word' id='word_1_133' title='bbox 976 2534 1058 2614; x_wconf 91' lang='lat' dir='ltr'><strong>quod</strong></span> <span class='ocrx_word' id='word_1_134' title='bbox 1081 2533 1115 2595; x_wconf 83' lang='lat' dir='ltr'><strong>fit</strong></span> <span class='ocrx_word' id='word_1_135' title='bbox 1137 2536 1166 2593; x_wconf 86' lang='lat' dir='ltr'><strong>iu</strong></span> <span class='ocrx_word' id='word_1_136' title='bbox 1179 2532 1232 2595; x_wconf 79' lang='lat' dir='ltr'><strong>Sa·</strong></span> 
     </span>
     <span class='ocr_line' id='line_1_25' title="bbox 301 2624 707 2695; baseline 0.005 -19"><span class='ocrx_word' id='word_1_137' title='bbox 301 2624 474 2695; x_wconf 82' lang='lat' dir='ltr'><strong>eramento,</strong></span> <span class='ocrx_word' id='word_1_138' title='bbox 497 2632 627 2677; x_wconf 83' lang='lat' dir='ltr'><strong>necesse</strong></span> <span class='ocrx_word' id='word_1_139' title='bbox 650 2624 707 2678; x_wconf 87' lang='lat' dir='ltr'><strong>eat.</strong></span> 
     </span>
    </p>

    <p class='ocr_par' dir='ltr' id='par_1_14' title="bbox 300 2699 1228 2843">
     <span class='ocr_line' id='line_1_26' title="bbox 324 2699 1228 2781; baseline -0.001 -19"><span class='ocrx_word' id='word_1_140' title='bbox 324 2703 373 2764; x_wconf 88' lang='grc'><strong>15.</strong></span> <span class='ocrx_word' id='word_1_141' title='bbox 397 2699 464 2761; x_wconf 86' lang='lat' dir='ltr'><strong>Nec</strong></span> <span class='ocrx_word' id='word_1_142' title='bbox 491 2702 550 2761; x_wconf 87' lang='lat' dir='ltr'><strong>nisi</strong></span> <span class='ocrx_word' id='word_1_143' title='bbox 577 2720 634 2781; x_wconf 88' lang='lat' dir='ltr'><strong>per</strong></span> <span class='ocrx_word' id='word_1_144' title='bbox 655 2706 787 2761; x_wconf 88' lang='lat' dir='ltr'><strong>mortem</strong></span> <span class='ocrx_word' id='word_1_145' title='bbox 809 2701 916 2761; x_wconf 77' lang='lat' dir='ltr'><strong>nostri·</strong></span> <span class='ocrx_word' id='word_1_146' title='bbox 941 2706 973 2761; x_wconf 85' lang='lat' dir='ltr'><strong>et</strong></span> <span class='ocrx_word' id='word_1_147' title='bbox 1001 2719 1124 2781; x_wconf 82' lang='lat' dir='ltr'><strong>crucem</strong></span> <span class='ocrx_word' id='word_1_148' title='bbox 1146 2702 1228 2761; x_wconf 87' lang='lat' dir='ltr'><strong>iusti·</strong></span> 
     </span>
     <span class='ocr_line' id='line_1_27' title="bbox 300 2782 441 2843; baseline 0.014 -2"><span class='ocrx_word' id='word_1_149' title='bbox 300 2782 441 2843; x_wconf 84' lang='lat' dir='ltr'><strong>fleamur.</strong></span> 
     </span>
    </p>

    <p class='ocr_par' dir='ltr' id='par_1_15' title="bbox 324 2866 1190 2946">
     <span class='ocr_line' id='line_1_28' title="bbox 324 2866 1190 2946; baseline 0 -17"><span class='ocrx_word' id='word_1_150' title='bbox 324 2868 375 2929; x_wconf 88' lang='grc'><strong>16.</strong></span> <span class='ocrx_word' id='word_1_151' title='bbox 398 2866 529 2927; x_wconf 82' lang='lat' dir='ltr'><strong>Christo·</strong></span> <span class='ocrx_word' id='word_1_152' title='bbox 546 2867 640 2946; x_wconf 83' lang='lat' dir='ltr'><strong>igitur</strong></span> <span class='ocrx_word' id='word_1_153' title='bbox 660 2866 701 2927; x_wconf 87' lang='lat' dir='ltr'><strong>sit</strong></span> <span class='ocrx_word' id='word_1_154' title='bbox 721 2866 831 2946; x_wconf 83' lang='lat' dir='ltr'><strong>gloria,</strong></span> <span class='ocrx_word' id='word_1_155' title='bbox 853 2866 943 2927; x_wconf 88' lang='lat' dir='ltr'><strong>uobis</strong></span> <span class='ocrx_word' id='word_1_156' title='bbox 965 2867 1106 2927; x_wconf 83' lang='lat' dir='ltr'><strong>confusio</strong></span> <span class='ocrx_word' id='word_1_157' title='bbox 1121 2866 1190 2943; x_wconf 66' lang='lat' dir='ltr'><strong>ll¹).</strong></span> 
     </span>
    </p>
   </div>
   <div class='ocr_carea' id='block_1_3' title="bbox 298 3016 1230 3515">
    <p class='ocr_par' dir='ltr' id='par_1_16' title="bbox 298 3016 1230 3434">
     <span class='ocr_line' id='line_1_29' title="bbox 385 3016 1229 3099; baseline -0.005 -18"><span class='ocrx_word' id='word_1_158' title='bbox 385 3018 444 3098; x_wconf 79' lang='grc'><strong>**)</strong></span> <span class='ocrx_word' id='word_1_159' title='bbox 468 3022 503 3081; x_wconf 88' lang='grc'><strong>11</strong></span> <span class='ocrx_word' id='word_1_160' title='bbox 526 3019 713 3080; x_wconf 76' lang='lat' dir='ltr'><strong>collectione</strong></span> <span class='ocrx_word' id='word_1_161' title='bbox 735 3020 834 3099; x_wconf 86' lang='lat' dir='ltr'><strong>prima</strong></span> <span class='ocrx_word' id='word_1_162' title='bbox 846 3018 1086 3099; x_wconf 89' lang='lat' dir='ltr'><strong>disputationum</strong></span> <span class='ocrx_word' id='word_1_163' title='bbox 1102 3016 1229 3077; x_wconf 79' lang='grc'><strong>1111111]-</strong></span> 
     </span>
     <span class='ocr_line' id='line_1_30' title="bbox 298 3102 1229 3183; baseline -0.004 -20"><span class='ocrx_word' id='word_1_164' title='bbox 298 3102 515 3183; x_wconf 58' lang='lat' dir='ltr'><strong>bergusium,</strong></span> <span class='ocrx_word' id='word_1_165' title='bbox 543 3122 624 3182; x_wconf 88' lang='lat' dir='ltr'><strong>quae</strong></span> <span class='ocrx_word' id='word_1_166' title='bbox 646 3121 705 3163; x_wconf 87' lang='lat' dir='ltr'><strong>neo</strong></span> <span class='ocrx_word' id='word_1_167' title='bbox 726 3122 809 3162; x_wconf 89' lang='lat' dir='ltr'><strong>auno</strong></span> <span class='ocrx_word' id='word_1_168' title='bbox 833 3120 892 3161; x_wconf 86' lang='lat' dir='ltr'><strong>uec</strong></span> <span class='ocrx_word' id='word_1_169' title='bbox 914 3102 983 3162; x_wconf 92' lang='lat' dir='ltr'><strong>loco</strong></span> <span class='ocrx_word' id='word_1_170' title='bbox 1006 3119 1065 3161; x_wconf 88' lang='lat' dir='ltr'><strong>neo</strong></span> <span class='ocrx_word' id='word_1_171' title='bbox 1086 3107 1229 3180; x_wconf 76' lang='lat' dir='ltr'><strong>typogra-</strong></span> 
     </span>
     <span class='ocr_line' id='line_1_31' title="bbox 299 3181 1230 3267; baseline -0.001 -22"><span class='ocrx_word' id='word_1_172' title='bbox 299 3186 365 3267; x_wconf 83' lang='lat' dir='ltr'><strong>pho</strong></span> <span class='ocrx_word' id='word_1_173' title='bbox 386 3187 424 3246; x_wconf 83' lang='lat' dir='ltr'><strong>iu·</strong></span> <span class='ocrx_word' id='word_1_174' title='bbox 443 3186 523 3247; x_wconf 89' lang='lat' dir='ltr'><strong>tituli</strong></span> <span class='ocrx_word' id='word_1_175' title='bbox 546 3186 661 3265; x_wconf 70' lang='lat' dir='ltr'><strong>pagina</strong></span> <span class='ocrx_word' id='word_1_176' title='bbox 682 3184 819 3251; x_wconf 87' lang='lat' dir='ltr'><strong>indicato</strong></span> <span class='ocrx_word' id='word_1_177' title='bbox 843 3184 1008 3245; x_wconf 87' lang='lat' dir='ltr'><strong>duodecim</strong></span> <span class='ocrx_word' id='word_1_178' title='bbox 1038 3183 1119 3245; x_wconf 88' lang='lat' dir='ltr'><strong>foliis</strong></span> <span class='ocrx_word' id='word_1_179' title='bbox 1141 3181 1230 3244; x_wconf 89' lang='lat' dir='ltr'><strong>form.</strong></span> 
     </span>
     <span class='ocr_line' id='line_1_32' title="bbox 299 3267 1230 3348; baseline -0.004 -19"><span class='ocrx_word' id='word_1_180' title='bbox 299 3276 442 3348; x_wconf 80' lang='lat' dir='ltr'><strong>quartan.</strong></span> <span class='ocrx_word' id='word_1_181' title='bbox 466 3287 550 3329; x_wconf 86' lang='lat' dir='ltr'><strong>anno</strong></span> <span class='ocrx_word' id='word_1_182' title='bbox 574 3272 671 3346; x_wconf 75' lang='lat'><strong>1520,</strong></span> <span class='ocrx_word' id='word_1_183' title='bbox 707 3267 738 3327; x_wconf 92' lang='lat' dir='ltr'><strong>id</strong></span> <span class='ocrx_word' id='word_1_184' title='bbox 760 3267 843 3346; x_wconf 90' lang='lat' dir='ltr'><strong>quod</strong></span> <span class='ocrx_word' id='word_1_185' title='bbox 867 3268 923 3328; x_wconf 90' lang='lat' dir='ltr'><strong>viri</strong></span> <span class='ocrx_word' id='word_1_186' title='bbox 951 3268 1033 3329; x_wconf 88' lang='lat' dir='ltr'><strong>docti</strong></span> <span class='ocrx_word' id='word_1_187' title='bbox 1056 3267 1230 3347; x_wconf 82' lang='lat' dir='ltr'><strong>opinantur,</strong></span> 
     </span>
     <span class='ocr_line' id='line_1_33' title="bbox 299 3351 1094 3434; baseline 0.001 -23"><span class='ocrx_word' id='word_1_188' title='bbox 299 3354 332 3411; x_wconf 91' lang='lat' dir='ltr'><strong>in</strong></span> <span class='ocrx_word' id='word_1_189' title='bbox 355 3353 457 3414; x_wconf 85' lang='lat' dir='ltr'><strong>lucem</strong></span> <span class='ocrx_word' id='word_1_190' title='bbox 480 3351 604 3434; x_wconf 84' lang='lat' dir='ltr'><strong>prodiit,</strong></span> <span class='ocrx_word' id='word_1_191' title='bbox 626 3359 657 3411; x_wconf 90' lang='lat' dir='ltr'><strong>et</strong></span> <span class='ocrx_word' id='word_1_192' title='bbox 679 3354 728 3414; x_wconf 90' lang='lat' dir='ltr'><strong>cni</strong></span> <span class='ocrx_word' id='word_1_193' title='bbox 747 3351 827 3411; x_wconf 81' lang='lat' dir='ltr'><strong>haec</strong></span> <span class='ocrx_word' id='word_1_194' title='bbox 848 3352 1005 3431; x_wconf 81' lang='lat' dir='ltr'><strong>inscriptio</strong></span> <span class='ocrx_word' id='word_1_195' title='bbox 1030 3355 1094 3412; x_wconf 87' lang='lat' dir='ltr'><strong>cst:</strong></span> 
     </span>
    </p>

    <p class='ocr_par' dir='ltr' id='par_1_17' title="bbox 342 3432 1230 3515">
     <span class='ocr_line' id='line_1_34' title="bbox 342 3432 1230 3515; baseline -0.005 -20"><span class='ocrx_word' id='word_1_196' title='bbox 342 3436 533 3514; x_wconf 83' lang='lat' dir='ltr'><strong>„lusigninm</strong></span> <span class='ocrx_word' id='word_1_197' title='bbox 564 3434 781 3515; x_wconf 85' lang='lat' dir='ltr'><strong>theologorum</strong></span> <span class='ocrx_word' id='word_1_198' title='bbox 805 3434 930 3495; x_wconf 90' lang='lat' dir='ltr'><strong>Domini</strong></span> <span class='ocrx_word' id='word_1_199' title='bbox 952 3436 1073 3501; x_wconf 82' lang='lat' dir='ltr'><strong>Martini</strong></span> <span class='ocrx_word' id='word_1_200' title='bbox 1097 3432 1230 3509; x_wconf 80' lang='lat' dir='ltr'><strong>Luthori,</strong></span> 
     </span>
    </p>
   </div>
   <div class='ocr_carea' id='block_1_4' title="bbox 182 3516 1230 3599">
    <p class='ocr_par' dir='ltr' id='par_1_18' title="bbox 182 3516 1230 3599">
     <span class='ocr_line' id='line_1_35' title="bbox 182 3516 1230 3599; baseline -0.006 -19"><span class='ocrx_word' id='word_1_201' title='bbox 182 3559 183 3572; x_wconf 69' lang='lat'><strong>.</strong></span> <span class='ocrx_word' id='word_1_202' title='bbox 301 3518 427 3579; x_wconf 89' lang='lat' dir='ltr'><strong>Domini</strong></span> <span class='ocrx_word' id='word_1_203' title='bbox 446 3518 572 3579; x_wconf 82' lang='lat' dir='ltr'><strong>Andros</strong></span> <span class='ocrx_word' id='word_1_204' title='bbox 593 3516 808 3595; x_wconf 78' lang='lat' dir='ltr'><strong>Carolostadii‚</strong></span> <span class='ocrx_word' id='word_1_205' title='bbox 831 3516 963 3599; x_wconf 87' lang='lat' dir='ltr'><strong>Philippi</strong></span> <span class='ocrx_word' id='word_1_206' title='bbox 974 3516 1230 3593; x_wconf 79' lang='lat' dir='ltr'><strong>Melanuhthonis‚</strong></span> 
     </span>
    </p>
   </div>
   <div class='ocr_carea' id='block_1_5' title="bbox 299 3598 1230 3848">
    <p class='ocr_par' dir='ltr' id='par_1_19' title="bbox 299 3598 1230 3848">
     <span class='ocr_line' id='line_1_36' title="bbox 299 3598 1229 3681; baseline -0.005 -17"><span class='ocrx_word' id='word_1_207' title='bbox 299 3612 332 3664; x_wconf 84' lang='lat' dir='ltr'><strong>et</strong></span> <span class='ocrx_word' id='word_1_208' title='bbox 351 3601 485 3662; x_wconf 84' lang='lat' dir='ltr'><strong>oliorum</strong></span> <span class='ocrx_word' id='word_1_209' title='bbox 507 3601 726 3663; x_wconf 82' lang='lat' dir='ltr'><strong>conclusiones</strong></span> <span class='ocrx_word' id='word_1_210' title='bbox 751 3602 845 3678; x_wconf 82' lang='lat' dir='ltr'><strong>varie,</strong></span> <span class='ocrx_word' id='word_1_211' title='bbox 868 3619 924 3681; x_wconf 85' lang='lat' dir='ltr'><strong>pro</strong></span> <span class='ocrx_word' id='word_1_212' title='bbox 939 3600 1042 3661; x_wconf 87' lang='lat' dir='ltr'><strong>divine</strong></span> <span class='ocrx_word' id='word_1_213' title='bbox 1062 3600 1160 3679; x_wconf 81' lang='lat' dir='ltr'><strong>gratie</strong></span> <span class='ocrx_word' id='word_1_214' title='bbox 1179 3598 1229 3659; x_wconf 91' lang='lat' dir='ltr'><strong>de·</strong></span> 
     </span>
     <span class='ocr_line' id='line_1_37' title="bbox 299 3682 1230 3751; baseline -0.005 -6"><span class='ocrx_word' id='word_1_215' title='bbox 299 3686 443 3746; x_wconf 77' lang='lat' dir='ltr'><strong>tensione</strong></span> <span class='ocrx_word' id='word_1_216' title='bbox 463 3703 511 3744; x_wconf 81' lang='lat' dir='ltr'><strong>ao.</strong></span> <span class='ocrx_word' id='word_1_217' title='bbox 534 3684 831 3751; x_wconf 59' lang='lat' dir='ltr'><strong>commendationes</strong></span> <span class='ocrx_word' id='word_1_218' title='bbox 854 3691 963 3744; x_wconf 85' lang='lat' dir='ltr'><strong>contra</strong></span> <span class='ocrx_word' id='word_1_219' title='bbox 993 3682 1176 3743; x_wconf 87' lang='lat' dir='ltr'><strong>scolasticos</strong></span> <span class='ocrx_word' id='word_1_220' title='bbox 1199 3689 1230 3741; x_wconf 90' lang='lat' dir='ltr'><strong>et</strong></span> 
     </span>
     <span class='ocr_line' id='line_1_38' title="bbox 300 3764 1226 3848; baseline -0.004 -19"><span class='ocrx_word' id='word_1_221' title='bbox 300 3769 499 3848; x_wconf 78' lang='lat' dir='ltr'><strong>pelagianos:</strong></span> <span class='ocrx_word' id='word_1_222' title='bbox 537 3767 692 3848; x_wconf 86' lang='lat' dir='ltr'><strong>disputato</strong></span> <span class='ocrx_word' id='word_1_223' title='bbox 724 3770 755 3830; x_wconf 89' lang='lat' dir='ltr'><strong>in</strong></span> <span class='ocrx_word' id='word_1_224' title='bbox 779 3767 938 3847; x_wconf 81' lang='lat' dir='ltr'><strong>praeclara</strong></span> <span class='ocrx_word' id='word_1_225' title='bbox 959 3765 1120 3827; x_wconf 85' lang='lat' dir='ltr'><strong>academia</strong></span> <span class='ocrx_word' id='word_1_226' title='bbox 1143 3764 1226 3825; x_wconf 85' lang='lat' dir='ltr'><strong>vun-</strong></span> 
     </span>
    </p>
   </div>
   <div class='ocr_carea' id='block_1_6' title="bbox 371 3975 1228 4047">
    <p class='ocr_par' dir='ltr' id='par_1_20' title="bbox 371 3975 1228 4047">
     <span class='ocr_line' id='line_1_39' title="bbox 371 3975 1228 4047; baseline -0.009 -14"><span class='ocrx_word' id='word_1_227' title='bbox 371 3976 457 4045; x_wconf 70' lang='grc'><strong>’1)11</strong></span> <span class='ocrx_word' id='word_1_228' title='bbox 485 3978 527 4032; x_wconf 82' lang='lat' dir='ltr'><strong>ed.</strong></span> <span class='ocrx_word' id='word_1_229' title='bbox 559 3975 637 4031; x_wconf 82' lang='lat' dir='ltr'><strong>len:</strong></span> <span class='ocrx_word' id='word_1_230' title='bbox 669 3983 822 4047; x_wconf 86' lang='lat' dir='ltr'><strong>peccatum.</strong></span> <span class='ocrx_word' id='word_1_231' title='bbox 860 3978 893 4043; x_wconf 85' lang='lat'><strong>2)</strong></span> <span class='ocrx_word' id='word_1_232' title='bbox 914 3978 945 4029; x_wconf 94' lang='lat' dir='ltr'><strong>ln</strong></span> <span class='ocrx_word' id='word_1_233' title='bbox 975 3975 1018 4029; x_wconf 84' lang='lat' dir='ltr'><strong>ad.</strong></span> <span class='ocrx_word' id='word_1_234' title='bbox 1051 3976 1136 4032; x_wconf 78' lang='lat'><strong>1558:</strong></span> <span class='ocrx_word' id='word_1_235' title='bbox 1166 3990 1228 4027; x_wconf 86' lang='lat' dir='ltr'><strong>con-</strong></span> 
     </span>
    </p>
   </div>
   <div class='ocr_carea' id='block_1_7' title="bbox 182 4058 474 4107">
    <p class='ocr_par' dir='ltr' id='par_1_21' title="bbox 182 4058 474 4107">
     <span class='ocr_line' id='line_1_40' title="bbox 182 4058 474 4107; baseline 0.01 -3"><span class='ocrx_word' id='word_1_236' title='bbox 182 4099 183 4104; x_wconf 73' lang='grc'>,</span> <span class='ocrx_word' id='word_1_237' title='bbox 299 4058 474 4107; x_wconf 80' lang='lat' dir='ltr'><strong>cantanenm.</strong></span> 
     </span>
    </p>
   </div>
   <div class='ocr_carea' id='block_1_8' title="bbox 0 0 1584 4792">
    <p class='ocr_par' dir='ltr' id='par_1_22' title="bbox 0 0 1584 4792">
     <span class='ocr_line' id='line_1_41' title="bbox 0 0 1584 4792; baseline 0 1"><span class='ocrx_word' id='word_1_238' title='bbox 0 0 1584 4792; x_wconf 95' lang='lat' dir='ltr'><strong> </strong></span> 
     </span>
    </p>
   </div>
  </div>
 </body>
</html>
