3159 4792
584 490 680 549 libror.
699 494 730 549 D.
749 492 784 551 ll.
803 490 925 551 Lumen.
1151 492 1213 557 177

290 698 325 741 ac
351 680 451 759 prima
488 680 553 741 eius
575 679 681 749 limine
702 667 860 761 ingressus
881 681 926 741 ita
942 678 1006 743 labi
1028 681 1137 741 merito
1159 698 1213 761 po-

290 763 404 825 tuisset.

367 845 410 905 Et
431 863 471 906 en
492 846 553 907 hcc
575 846 709 906 maxime
725 845 912 907 haereticum
935 864 969 905 se
985 844 1107 925 probat,
1129 838 1212 925 quod

289 936 426 1007 paratum
451 948 484 989 se
505 926 666 1008 profitetur
694 930 798 1009 ignem
832 947 869 989 ac
900 935 1031 991 mortem
1063 947 1121 1008 pro
1152 928 1213 989 illis

289 1011 398 1089 subire,
421 1017 453 1072 et
475 1031 599 1073 omnem
617 1019 726 1073 contra
746 1012 918 1092 sapientem
930 1011 1119 1075 haereticum
1133 1031 1212 1073 esse.

288 1094 389 1155 Taceo
413 1114 537 1173 causes,
560 1095 669 1175 quibus
693 1094 732 1155 de
753 1094 882 1175 singulis
904 1094 1039 1156 articulis
1060 1094 1211 1155 declarari

289 1184 403 1257 posset,
426 1178 687 1261 quemadmodum
707 1177 860 1242 haeresim
876 1179 1066 1257 contineant,
1089 1186 1123 1239 ut
1144 1197 1212 1259 pro·

289 1261 437 1322 lixitatem
461 1262 554 1322 vitem
581 1263 612 1321 in
634 1281 668 1322 re
696 1278 759 1326 non
782 1260 928 1340 ambigua
948 1280 1008 1321 nec
1027 1262 1212 1323 necessaria.

288 1343 380 1404 Miror
401 1344 503 1423 valde,
526 1344 712 1424 quodhomc
735 1350 798 1405 tam
813 1343 976 1405 manifeste
998 1351 1123 1423 tamque
1144 1361 1213 1423 per·

289 1427 428 1487 tineciter
449 1429 481 1487 in
503 1426 563 1489 fide
586 1448 709 1506 errans,
744 1434 775 1487 et
798 1445 869 1487 suas
887 1426 1032 1488 haereses
1055 1429 1212 1506 omniqua·

288 1527 346 1589 que
368 1508 542 1572 diffundens
564 1513 690 1591 impune
711 1528 829 1588 errare,
853 1516 884 1569 et
905 1509 984 1571 alios
1006 1511 1038 1570 in
1060 1512 1211 1589 pernicio-

288 1593 426 1654 sissimos
450 1612 569 1655 errores
592 1594 714 1655 trahere
736 1594 862 1672 impune
883 1593 1001 1653 sinitur.
1041 1579 1048 1612 l

369 1676 434 1736 Vos
453 1684 534 1737 certe
556 1677 636 1756 bene
658 1673 902 1737 aclaudabiliter
918 1675 1028 1753 facitis,
1050 1674 1132 1753 quod
1157 1694 1207 1755 pe-

286 1758 394 1819 stiferis
418 1759 550 1820 hominis
572 1759 768 1841 dogmatibus
782 1760 946 1836 (quantum
968 1759 999 1818 in
1022 1758 1110 1818 vobis
1144 1764 1210 1833 est]

286 1841 409 1902 obviam
431 1844 497 1921 itis,
531 1842 708 1904 doctrinalis
732 1840 1001 1904 condemnationis
1039 1840 1210 1902 antidotum

285 1923 345 1983 illis
369 1926 568 2005 opponendo,
591 1944 631 1985 ne
644 1926 725 1987 illius
749 1930 852 1985 errata
863 1926 955 1987 etiam
967 1943 1024 1985 vos
1040 1923 1211 2001 involvent,

285 2026 364 2067 neve
386 2010 430 2067 rei
453 2010 517 2069 sitis
539 2008 621 2088 apud
637 2009 804 2070 Dominum
816 2009 997 2088 animarum,
1020 2026 1100 2086 quae
1123 2026 1210 2067 occa·

285 2092 373 2151 sione
394 2110 559 2170 perversae
582 2093 646 2152 eius
669 2090 829 2151 doctrinae
849 2097 990 2171 pereunt,
1013 2090 1211 2171 quemadmo-

285 2173 357 2233 dum
380 2173 477 2251 fleret,
499 2176 557 2235 nisi
570 2175 707 2237 eiusdem
730 2174 890 2235 doctrinae
906 2174 1070 2236 falsitatem
1085 2193 1122 2233 ac
1144 2193 1211 2254 per·

284 2258 396 2317 niciem
430 2275 558 2318 censura
592 2265 695 2319 vestre
727 2276 764 2316 ac
793 2258 931 2317 veritatis
964 2256 1211 2318 manifestatione

284 2342 512 2421 monstraretis,
549 2343 636 2402 iuxta
664 2339 740 2400 illud
762 2339 947 2402 Salvatoris:
986 2339 1044 2415 Qui
1073 2358 1136 2399 non
1164 2346 1212 2400 est

284 2442 416 2499 mecum,
437 2432 545 2484 contra
566 2444 615 2487 mc
637 2430 701 2503 est,
725 2424 829 2503 etqui
852 2443 914 2485 non
938 2422 1060 2504 colligit
1079 2442 1210 2501 mecum,

281 2526 353 2566 sar
376 2508 409 2567 it.
1066 2559 1070 2565 .
1177 2553 1179 2558 .

297 2526 316 2586 p
354 2528 427 2650 gSed
439 2588 523 2650 *illud
536 2592 685 2671 imprimis
699 2589 862 2671 providere
877 2588 1006 2669 debetis,
1029 2596 1062 2649 ut
1082 2589 1114 2649 in
1136 2606 1207 2649 con·

281 2671 482 2733 damnatione
502 2693 557 2753 per
574 2694 629 2735 vos
644 2671 831 2753 publicanda
842 2673 959 2734 nullum
978 2672 1103 2733 verbum
1120 2672 1209 2733 aliter

283 2763 433 2835 ponetur,
468 2774 559 2835 quam
581 2756 620 2819 ab
642 2758 711 2837 ipso
735 2764 846 2817 autore
865 2757 905 2816 sit
926 2757 1090 2835 scriptum,
1112 2755 1207 2816 veluti

281 2842 310 2899 in
337 2838 478 2903 articulo.
504 2840 593 2901 Circa
614 2859 688 2901 vero
706 2839 945 2900 satisfactionem
969 2857 1025 2918 pro
1047 2841 1209 2899 immutare

280 2942 334 2983 seu
359 2929 478 2983 mutare
492 2925 705 3003 scriptumest,
729 2922 850 2984 imitare
870 2924 917 2981 ius
935 2921 1082 2999 divinum,
1104 2940 1208 2981 errore

283 3006 334 3086 (ut
358 3006 471 3083 credo)
497 3008 663 3087 scriptoris,
685 3007 772 3086 quasi
792 3004 886 3064 borno
908 3002 1063 3064 aedivina
1084 3002 1207 3081 quidem

279 3091 447 3151 autoritate
470 3089 563 3151 fretus
586 3090 695 3151 tollere
717 3093 825 3168 posset
839 3087 1061 3166 obligationem
1082 3084 1122 3145 de
1143 3086 1208 3145 iure

279 3172 387 3233 divino
411 3180 442 3233 et
463 3180 590 3234 naturae
613 3179 725 3249 ortam,
760 3188 819 3230 nec
847 3188 981 3248 unquam
1009 3169 1128 3229 valeret
1148 3166 1207 3228 dis-

279 3258 424 3335 pensatio
447 3256 477 3315 in
505 3258 595 3338 votis,
617 3255 806 3331 iuramentis,
828 3260 859 3313 et
875 3253 942 3314 aliis
966 3272 1006 3313 ex
1022 3271 1206 3332 quacunque

279 3358 376 3399 causa
418 3340 589 3400 relaxativa
630 3337 827 3419 obligationis
881 3342 1080 3414 contractae,
1123 3334 1206 3415 quod

279 3422 445 3482 manifeste
465 3422 573 3483 falsum
598 3429 654 3500 est,
677 3430 708 3483 et
729 3420 813 3482 omni
827 3420 979 3480 ecclesiae
992 3420 1206 3481 constitutioni

278 3506 482 3567 contrarium.

363 3588 436 3649 Non
459 3587 559 3649 scribo
592 3605 673 3647 nunc
703 3586 791 3667 plura
824 3592 952 3665 propter
985 3585 1206 3664 occupationes

279 3674 446 3748 maximas,
468 3672 520 3732 det
541 3670 702 3746 Dominus,
725 3676 757 3729 ut
775 3666 865 3729 brevi
887 3688 956 3728 cum
979 3666 1207 3749 dignationibus
1287 3704 1292 3710 ·
1379 3680 1381 3685 ·

279 3757 393 3815 vestris
416 3755 455 3814 de
476 3755 523 3815 his
546 3761 578 3815 et
598 3754 665 3813 aliis
688 3770 836 3833 praesens
864 3752 953 3811 latius
975 3752 1115 3812 conferre
1137 3769 1207 3829 pos·

279 3837 348 3899 sim.
393 3837 514 3898 interea
547 3845 649 3897 tamen
685 3854 746 3896 non
780 3835 919 3896 omittam
948 3834 1020 3894 fidei
1054 3834 1207 3895 laboranti

280 3938 476 4001 succurrere,
504 3922 535 3981 in
557 3921 622 4000 his,
659 3937 739 4001 quae
765 3919 831 3977 istis
847 3917 996 3997 ¹malignis
1017 3917 1207 3997 temporibus

280 4022 337 4081 per
369 4024 419 4064 me
451 4003 516 4065 fieri
547 4022 584 4064 ac
617 4000 773 4084 procurari
792 4006 954 4082 poterunt.
999 3998 1133 4061 Valeant
1154 4000 1206 4060 diu

311 4122 404 4161 neuen
418 4130 470 4169 opp.
485 4121 513 4162 v.
524 4120 551 4160 Α.
565 4121 594 4160 ια
607 4120 648 4160 rer.
662 4120 712 4159 aar.
726 4120 741 4159 r.
755 4130 774 4168 p.
791 4119 840 4160 voi
852 4118 889 4159 iv.
1008 4087 1047 4147 12
