3159 4792
371 462 435 563 134
683 498 842 569 napus-ss
860 499 896 555 8.
914 499 997 555 81.

455 685 484 749 3.
516 684 696 747 Doouerunt
717 685 798 747 onim
820 684 977 747 hominem
1002 684 1114 765 (eliam
1135 686 1296 766 poeniten·

371 770 452 846 lom]
486 775 629 849 oportere
659 788 729 831 esse
749 770 901 831 inoertum
923 767 963 831 de
984 768 1084 849 gratia
1105 768 1165 829 Dei
1198 775 1231 830 81
1251 789 1296 831 re·

373 852 524 914 missione
545 859 751 933 peooatorum.

455 936 485 998 4.
513 934 575 998 Sed
607 937 790 997 remiserunt
820 937 964 997 miserum
993 936 1033 996 ad
1056 937 1199 1017 meritum
1221 956 1296 999 suae

372 1020 583 1097 aoulritionis,
605 1020 827 1099 oonlsssionis,
849 1020 1084 1099 satisfactionis,
1113 1026 1147 1081 et
1167 1020 1296 1083 tandem

374 1104 406 1163 in
427 1103 649 1184 purgatorium.

456 1191 485 1251 5.
511 1186 578 1247 Noa
606 1192 709 1247 tamen
739 1184 865 1247 modum
892 1193 947 1246 aut
973 1185 1067 1247 finem
1089 1186 1297 1264 oontritionis,

374 1268 591 1347 confessionis,
626 1270 860 1347 satisfactionis,
893 1289 935 1331 88
968 1270 1138 1351 purgatorii
1173 1268 1298 1349 quidem

374 1354 606 1415 constituerunt.

456 1438 485 1501 6.
511 1436 591 1512 Quid
613 1442 715 1497 autem
744 1437 920 1516 poeniteas,
950 1436 1134 1497 8118888188
1165 1436 1228 1514 sis,
1258 1455 1297 1497 an

373 1520 561 1581 retineantur
581 1520 631 1580 vel
652 1521 844 1581 remittantur
864 1527 994 1599 peooata
1012 1519 1086 1581 tua?

455 1608 485 1669 7.
514 1603 580 1664 Hae
602 1604 722 1664 ratione
745 1622 809 1664 non
831 1601 983 1664 docentur
1003 1602 1245 1684 impoenitentes
1268 1608 1300 1663 et

375 1688 475 1749 seouri
496 1686 536 1747 ad
558 1686 765 1767 inoipiendam
786 1688 1020 1783 poenitentiam.

458 1772 486 1835 8
511 1767 573 1833 Sed
596 1772 690 1831 territi
708 1777 738 1831 et
753 1771 937 1867 incipientes
963 1770 1125 1852 poenitere
1145 1777 1300 1852 eoguntur

374 1853 519 1919 eadere
510 1873 542 1914 m
564 1852 688 1915 finalem
710 1854 985 1935 impoenitentiam.

457 1940 487 2002 9
509 1936 635 1999 Talibus
658 1937 888 2018 poenitentibus
902 1936 1041 1999 Chrisws
1061 1936 1137 2002 nihil
1160 1936 1299 2018 prodeat,

375 2027 410 2082 81
431 2022 482 2100 qui
503 2019 642 2081 diffidere
670 2027 785 2101 angunt
786 2041 836 2100 ur,
865 2040 904 2081 an
928 2020 1066 2081 Christus
1098 2038 1154 2101 pro
1190 2038 1298 2081 eorum

377 2105 514 2185 psooatis
539 2105 578 2163 sit
599 2112 745 2166 mortuus.

439 2191 489 2254 10.
517 2188 722 2248 Perioulosior
755 2188 848 2248 etiam
870 2193 918 2247 est
937 2186 1174 2265 impoenitentia
1196 2186 1300 2247 finalis

377 2278 409 2333 t
377 2271 670 2353 desperantium,
694 2288 784 2351 quam
807 2270 1042 2350 impoenitentia
1062 2288 1253 2330 securorum.

423 2359 490 2419 11.
522 2354 760 2434 Imposuitentia
796 2372 972 2415 securorum
1014 2358 1062 2413 881
1103 2361 1302 2450 contemptus

377 2438 450 2517 Dei,
483 2440 696 2519 impoenitent'
689 2458 719 2499 ι8
747 2436 848 2498 1188118
871 2444 920 2498 881
939 2436 1162 2541 blasphemia'
1153 2456 1185 2497 m
1209 2436 1301 2517 Spiri-

378 2529 442 2582 tum
465 2528 615 2584 sanatum.

442 2607 490 2667 12.
515 2603 662 2665 Cavenda
683 2604 775 2685 igitur
797 2602 1144 2683 doetriuaPapistsrum
1166 2603 1208 2665 de
1228 2622 1303 2685 poa

378 2688 506 2749 nitentia
528 2688 634 2748 siout'
626 2706 693 2767 ipse
716 2686 852 2748 infernus
875 2694 907 2748 81
927 2686 1079 2747 diabolus.

442 2772 491 2835 13.
513 2770 608 2833 Multo
633 2771 730 2853 magis
753 2770 885 2832 oavendi
906 2776 987 2849 8881,
1009 2771 1060 2849 qni
1085 2769 1200 2831 nullam
1216 2790 1303 2852 pror·

379 2873 433 2918 sus
454 2856 677 2953 poenitentiam
699 2856 729 2915 in
753 2853 885 2915 88818818
906 2855 1090 2933 relinquunt.
1138 2870 1143 2879 ·

443 2940 491 3004 14.
519 2937 578 3013 Qui
612 2940 693 3000 enim
729 2938 831 3018 legem
867 2936 1039 2999 dooeudam
1072 2955 1142 2998 8888
1176 2944 1303 3019 negant,

379 3022 558 3105 simpliciter
594 3029 626 3084 81
663 3040 771 3083 revera
812 3021 928 3083 nullam
965 3021 1190 3103 poeniteutiam
1233 3040 1304 3083 8888

380 3104 497 3169 volunt.

444 3192 492 3253 15.
515 3188 748 3269 Argumentatio
765 3188 839 3248 ists:
862 3185 1018 3285 Quidquid
1040 3206 1103 3247 non
1126 3195 1174 3248 881
1195 3207 1303 3249 88888·
1411 3239 1412 3244 ,

380 3272 493 3332 sarium
516 3271 554 3331 ad
572 3270 831 3355 iustifioatiouom,
853 3290 955 3350 neque
969 3272 1000 3331 in
1014 3271 1176 3351 prinoipio,
1200 3290 1304 3352 neque

378 3356 410 3416 in
433 3354 547 3434 medio,
569 3372 670 3434 neque
688 3356 720 3415 in
742 3354 814 3433 line,
823 3320 867 3414 id
889 3374 951 3417 non
974 3362 1022 3415 est
1044 3354 1220 3458 dooendom
1243 3364 1303 3419 eto.

380 3438 454 3500 nihil
478 3444 534 3499 est.

444 3525 491 3587 16.
514 3521 671 3618 Primum,
680 3523 705 3580 si
727 3522 917 3601 interroges,
941 3520 1015 3605 quid
1036 3522 1116 3582 18188
1138 3520 1303 3583 verborum

380 3606 550 3687 ampullae,
575 3605 776 3701 principium,
800 3603 952 3684 medium,
979 3604 1070 3683 flnis,
1103 3604 1162 3665 sibi
1195 3603 1303 3684 velint,

380 3690 520 3750 invenias
542 3707 601 3748 neo
620 3689 706 3768 ipsos
727 3689 758 3747 in
760 3688 911 3769 telligere.

445 3775 493 3836 17.
523 3772 607 3833 Ut
584 3791 609 3831 8ι
637 3790 765 3852 arguas,
797 3771 955 3832 hominem
987 3790 1057 3833 esse
1088 3778 1244 3832 mortuum
1271 3773 1304 3831 in

381 3860 528 3933 pensata,
558 3873 620 3915 non
654 3860 702 3915 881
732 3856 940 3915 necessarium
972 3854 1012 3915 ad
1043 3853 1304 3935 iustilioationam,

381 3954 485 4015 neque
505 3939 535 3997 in
557 3937 719 4017 psinoipio,
740 3956 842 4017 neque
862 3937 895 3998 in
917 3937 1031 4017 medio,
1053 3957 1156 4018 neque
1177 3939 1209 4001 iu
1231 3936 1304 4017 line,

382 4036 457 4098 argo
478 4020 540 4081 hoo
560 4038 623 4082 non
645 4025 693 4081 881
714 4018 898 4083 donandum.
