3159 4792
512 530 563 584 pro
580 511 784 575 Laborantibus
801 521 830 573 at
848 512 985 572 omnus
1169 507 1214 579 8?

289 704 441 765 momoria
462 703 617 767 consolari
638 705 669 765 iu
691 704 946 782 adversitatibus,
968 705 1020 783 qui
1041 712 1145 765 autem
1169 706 1214 787 ig·

288 794 410 861 ucraut,
430 788 587 851 incurrent
606 788 640 850 iu
660 787 735 851 iilud
749 788 831 854 Paul.
849 790 889 851 29
902 788 951 860 ¹):
974 786 1127 862 Quoniam
1149 806 1213 849 nou

286 870 508 931 intellexeruut
538 888 634 951 opera
656 870 730 949 Dei,
765 876 798 936 et
829 890 926 951 opera
957 888 1102 931 manuum
1136 871 1212 947 eius,

287 952 429 1015 destrues
462 972 517 1013 cos
557 961 588 1015 ct
621 971 683 1017 nou
716 944 895 1015 aedificabis
923 972 989 1015 ece.
1032 952 1111 1015 Sunt
1130 954 1214 1015 enim

288 1037 401 1116 ingrati
423 1037 585 1097 universae
607 1055 699 1100 curae
720 1038 776 1097 Dei
804 1056 897 1116 super
926 1055 981 1100 sos
1009 1038 1041 1099 in
1064 1044 1130 1097 tcta
1151 1039 1217 1099 vita

289 1118 432 1263 1]ιὲἰῦθᾶ
461 1120 565 1199 quiin
590 1118 713 1182 modico
748 1130 863 1201 puncto
896 1138 999 1181 auram
1030 1121 1077 1181 sui
1100 1122 1214 1181 uon-ci

290 1220 326 1263 ce
349 1209 405 1263 unt
436 1209 464 1280 i.

325 1402 458 1483 Caput
479 1402 529 1461 lv.
553 1400 602 1461 de
624 1408 789 1483 spectro
813 1408 970 1480 quarto,
992 1401 1096 1483 quod
1119 1408 1184 1462 est

408 1486 549 1547 maium
570 1484 781 1563 infernum,
803 1505 869 1545 seu
892 1485 995 1546 inira
1017 1503 1099 1546 nos.

375 1619 487 1681 Adhuc
509 1640 570 1683 oon
595 1619 677 1681 aliud
707 1619 838 1683 vidimus
875 1621 906 1681 in
939 1620 1082 1681 omuibus
1115 1620 1214 1696 maiia,

291 1722 373 1782 quae
398 1705 541 1783 patimur,
563 1722 654 1783 quam
676 1704 759 1783 quud
779 1703 886 1765 diviua
897 1704 1019 1767 bouitas
1042 1709 1128 1766 unu
1150 1711 1215 1765 tau·

287 1804 379 1865 quam
404 1788 623 1867 praecensuit,
645 1794 679 1847 ut
698 1789 779 1847 iuter
801 1788 963 1849 innumera
976 1784 1078 1864 uiola,
1098 1785 1213 1863 quibus

287 1888 397 1931 sumus·
415 1871 449 1929 in·
468 1870 613 1932 haesita
634 1870 825 1945 circumdati,
847 1876 879 1931 et
891 1870 1014 1950 penitus
1038 1870 1070 1929 iu
1091 1867 1214 1930 eisdam

287 1954 486 2029 incarcerati,
508 1955 559 2015 uix
582 1953 729 2033 pauoris,
766 1971 826 2014 nce
845 1971 885 2013 ea
905 1954 988 2016 omui
1011 1960 1153 2032 tempora
1174 1953 1212 2013 ai·

289 2044 402 2097 uantur
424 2054 481 2096 uos
504 2037 667 2116 impetere:
702 2037 745 2098 ita
774 2043 808 2097 ut
829 2036 960 2116 quodvis
982 2035 1096 2097 malum
1121 2054 1212 2116 prae·
1272 2030 1276 2035 ’

288 2137 372 2197 saus,
394 2136 456 2197 quo
479 2121 662 2199 premimur,
684 2137 745 2180 non
769 2121 828 2179 nisi
851 2120 1047 2183 monitorium
1071 2107 1114 2177 sii
1135 2118 1211 2179 iuori

287 2201 668 2282 cuiusdamcmsgcicuo
692 2221 749 2264 nos
771 2203 906 2264 honorat
926 2202 1029 2279 Deus,
1051 2202 1123 2261 dum
1147 2220 1210 2267 nou

287 2287 440 2346 smirnos
463 2287 594 2366 opprimi
617 2284 811 2349 multitudine
841 2285 1011 2361 malorum,
1044 2285 1075 2346 iu
1102 2284 1212 2363 quibua

288 2388 403 2429 sumus.
437 2366 528 2443 Quod
550 2369 630 2429 enim
650 2369 839 2446 miraculum,
862 2370 886 2428 si
909 2369 977 2447 quis
1000 2365 1126 2429 inficitis
1148 2368 1211 2434 icti-

289 2452 344 2513 bus
369 2460 521 2528 tentetur,
555 2452 604 2512 vel
638 2471 699 2515 uuo
727 2452 837 2513 saltem
860 2450 1026 2531 aliquando
1050 2449 1211 2531 tangatur?

287 2534 353 2595 imo
376 2536 477 2615 gratia
508 2543 556 2595 eat
581 2555 643 2596 nou
667 2536 809 2597 omnihus
832 2536 929 2612 feriri,
964 2533 1143 2596 miraculum
1164 2541 1213 2593 est
1288 2568 1293 2575 =

286 2637 350 2680 aon
374 2618 476 2679 multis
499 2618 590 2680 sariri.

372 2701 504 2761 Primum
526 2703 630 2781 itaque
657 2720 780 2779 corum,
814 2719 893 2782 quac
928 2700 1007 2761 inira
1044 2717 1102 2761 uos
1129 2702 1209 2770 suut,

287 2784 439 2846 malorum
462 2793 510 2844 cst
532 2803 624 2862 mors,
646 2783 775 2845 alterum
792 2785 939 2848 internus.
983 2784 1112 2845 iiortem
1135 2782 1210 2843 aiio·

287 2887 351 2927 rum
376 2876 437 2927 tam
462 2868 587 2945 variam,
610 2876 672 2929 tam
691 2867 850 2948 indignam
873 2867 944 2940 οῖ’)
969 2865 1210 2939 consideremus,

286 2969 347 3029 qua
372 2952 547 3031 plectuntur
568 2958 759 3031 peccatores,
780 2951 871 3012 sociis
894 2948 1076 3021 videbimus,
1094 2958 1210 3027 quanto
1310 3028 1316 3034 Ι

286 3052 343 3096 uos
368 3034 452 3095 lucro
491 3035 609 3095 minora
642 3036 755 3099 meritis
786 3034 899 3095 uostris
923 3033 1085 3111 patiamur.
1128 3030 1212 3109 Quot

286 3119 368 3177 euim
392 3117 516 3196 laqueo,
537 3117 643 3196 furca,
666 3136 747 3197 aqua
768 3115 1008 3197 stranguiantur,
1028 3119 1083 3173 aut
1103 3112 1210 3192 gladio

287 3218 411 3280 quoque
434 3200 597 3277 feriuntur,
632 3202 684 3281 qui
713 3201 806 3281 longe
842 3199 961 3259 minora
982 3202 1110 3277 peccata
1131 3196 1210 3257 forte

286 3282 434 3360 iecerunt,
458 3300 548 3363 quam
571 3284 652 3345 nos?
675 3284 728 3363 ita,
749 3292 782 3344 ut
803 3282 925 3343 iliorum
938 3300 1021 3344 mors
1043 3288 1076 3341 et
1089 3281 1209 3342 miseria

287 3367 375 3427 uobis
399 3386 420 3426 a
440 3364 564 3428 Christo
586 3384 710 3446 quoque
731 3386 786 3448 pro
809 3373 932 3446 spectro
966 3364 1155 3441 obiiciatur,
1178 3364 1210 3423 iu

287 3467 348 3528 quo
371 3448 543 3529 videamus,
565 3449 637 3530 quid
660 3468 717 3511 nos
741 3451 951 3511 meruerimus.

368 3532 422 3593 Sic
449 3534 530 3593 enim
552 3532 624 3593 Luc.
653 3535 703 3610 13,
739 3552 809 3593 cum
831 3532 860 3597 ei
879 3533 1060 3593 nunciarent
1085 3527 1209 3609 quidam

285 3614 323 3675 dc
346 3614 506 3694 Galilacie,
529 3634 658 3696 quorum
682 3616 797 3677 Pilatus
831 3616 1014 3696 sanguinem
1046 3614 1210 3673 miscuerat

285 3718 354 3759 cum
377 3696 535 3759 sacrificiis
557 3718 674 3776 eorum,
695 3698 892 3779 respondit:;
916 3698 1049 3774 Putatis,
1071 3693 1155 3773 quod
1179 3693 1210 3754 hi
1283 3726 1286 3730 ›

285 3780 419 3842 Galilaci
442 3801 515 3861 prae
537 3781 679 3844 omuibus
701 3780 850 3843 Galilaeis
879 3788 1059 3861 peccatores
1088 3777 1208 3851 fuerint,

289 3906 505 3917 *an——

286 4037 304 4089 d
352 3966 439 4090 top
462 3965 505 4018 m.
530 3966 609 4023 ren:
637 3966 681 4023 28.
737 3968 767 4030 2)
787 3966 871 4025 euru:
906 3958 1029 4013 credunt.
1089 3958 1117 4023 3)
1138 3956 1208 4011 lud.

304 4053 351 4094 20·
375 4053 381 4093 :
401 4054 435 4091 Ι.

311 4131 404 4173 asueri
422 4129 902 4181 opp.v.amru.uusr.p.vor1v.
1004 4100 1023 4162 7
1075 4105 1079 4110 ’
