3159 4792
506 503 561 561 pro
575 490 780 549 honorantibus
798 498 829 547 ot
844 492 982 547 Onerstis.
1151 492 1215 557 121

293 676 361 739 lssi.
375 680 433 743 65:
448 678 545 741 ¹Bene
561 681 646 742 servi
663 682 724 741 mei
741 681 915 756 comedent,
937 688 969 743 et
988 698 1047 761 vos
1059 681 1217 756 esurietis3

294 780 369 823 eone
391 763 472 823 servi
495 764 556 824 mei
578 762 700 842 bibent,
732 774 763 825 et
789 784 846 825 ros
876 766 1002 842 sitietis3
1033 782 1107 825 eone
1137 765 1218 823 servi

292 845 590 922 minorabuntur,
619 854 651 909 et
678 866 735 908 vos
763 847 1010 926 confundemini3
1042 866 1115 907 enee
1136 847 1218 907 servi

294 930 354 989 mei
379 928 551 992 laudabunt
571 950 646 1011 prse
667 931 876 992 exsultatione
898 930 1010 1008 nordio,
1032 939 1064 992 et
1077 950 1135 991 ros
1157 930 1217 990 olo

293 1012 417 1073 mobilis
438 1032 515 1093 prne
537 1013 646 1076 dolore
667 1014 780 1093 sordis,
804 1022 837 1075 et
856 1034 931 1094 pree
951 1015 1135 1076 contritione
1156 1014 1218 1093 spi«

291 1097 368 1155 ritus
381 1095 549 1177 ululabitis,
571 1103 603 1158 et
623 1097 782 1160 dimittetis
802 1117 917 1159 nornen
929 1104 1065 1159 restrum
1086 1098 1118 1158 in
1139 1098 1219 1158 iurn—

291 1184 431 1239 mentnm
454 1179 561 1241 electis
583 1182 660 1242 meis
682 1187 740 1243 eto.

373 1262 527 1341 Denique,
548 1269 581 1324 ιιι
601 1263 677 1343 dix-i,
699 1263 844 1344 exemplo
864 1264 947 1325 mole
968 1265 1164 1325 morientium
1185 1270 1219 1324 et

291 1345 508 1407 damnatorum
549 1348 645 1420 (siout
666 1354 697 1409 et
717 1348 758 1409 B.-
775 1347 945 1427 Gregorius
965 1348 997 1407 io
1019 1347 1152 1427 Dialogo
1173 1368 1218 1407 re·

290 1426 367 1511 lert)⁸
399 1428 490 1491 nobis
528 1429 567 1491 od
595 1432 794 1494 monitorium
828 1438 859 1492 et
889 1430 1004 1491 bonum
1037 1430 1219 1492 eruditionis

290 1510 459 1593 proficiunt
472 1510 519 1590 ¹),
543 1520 577 1573 ut
595 1513 670 1575 lellx
692 1516 741 1592 sit,
764 1509 855 1593 quern
877 1514 994 1575 leniunt
1017 1515 1120 1575 eliens
1141 1514 1220 1593 peri·

291 1595 362 1656 sula
385 1601 520 1658 eentum.
570 1595 639 1659 Hoo
674 1616 749 1659 sone
781 1598 917 1670 bonum,
949 1599 1020 1676 quie
1052 1597 1222 1678 vulgariter

290 1684 398 1739 notum
422 1684 479 1755 est,
500 1698 607 1759 parum
629 1689 752 1758 movet,
780 1701 848 1742 oum
872 1682 912 1740 sit
933 1687 1034 1741 tumen
1055 1681 1135 1740 inter
1155 1699 1220 1740 ms-

290 1763 376 1822 xims
399 1763 623 1829 numerandum
647 1764 764 1839 ethis,
799 1765 850 1842 qni
872 1769 997 1824 sensato
1019 1770 1091 1824 sunt
1111 1762 1217 1834 eorde,

290 1864 354 1905 non
379 1844 505 1906 modion
526 1847 756 1909 existimatione
777 1846 957 1926 probatum,
979 1866 1047 1908 oum
1069 1846 1131 1906 huo
1150 1865 1215 1905 ver·

289 1931 344 2010 got
365 1947 482 2009 magns
503 1949 574 2008 pers
596 1948 704 1993 ssorne
727 1932 822 1992 totius
843 1930 1032 2011 seriptum,
1061 1928 1215 2006 videlieet,

290 2011 341 2073 ubi
363 2010 405 2071 de
432 2012 495 2083 irs,
524 2011 660 2091 iudioiis‚
683 2013 974 2077 oomminotionibus
997 2014 1054 2074 Dei
1077 2012 1214 2076 dooetnr.

292 2093 378 2170 Quos
400 2093 617 2157 saluberrimus
639 2096 797 2158 doetrinae
818 2098 1056 2158 miserrimorum
1072 2096 1216 2177 exemplo

290 2176 381 2237 nobis
404 2176 604 2241 saluberrime
636 2179 835 2257 nomimant,
867 2198 947 2258 quse
979 2188 1053 2239 tuno
1084 2180 1213 2258 primunr

290 2258 433 2321 offiosoie
454 2267 535 2341 sunt,
555 2263 582 2323 si
593 2262 726 2341 illorum,
750 2265 803 2343 qui
822 2264 983 2335 esserunt,
1006 2260 1148 2322 sffeotum
1171 2263 1213 2322 in-

185 2406 187 2429 s
291 2343 356 2405 doti
381 2343 546 2422 fuerimus,
579 2363 617 2408 so
638 2346 775 2407 velutin
797 2346 873 2408 looo'
891 2355 924 2407 et
954 2363 1088 2426 persono
1108 2363 1215 2405 eorum

280 2428 395 2488 simus.
438 2426 526 2489 Tuno
543 2429 628 2489 enim
650 2430 820 2492 movebunt
849 2439 880 2490 et
902 2427 1072 2491 monebunt
1090 2445 1150 2487 nos
1172 2426 1212 2487 sd

289 2508 415 2570 leudem
429 2509 586 2572 ¹bonitatis
606 2511 675 2589 Dei,
698 2515 750 2591 qui
772 2534 830 2575 nos
852 2512 892 2573 nb
912 2511 1124 2573 hisservorit.
1216 2548 1221 2558 ›

371 2592 566 2655 Conierimns
594 2614 669 2657 vero
695 2596 768 2658 illos
790 2598 883 2658 etiem
910 2596 950 2657 sd
972 2596 1070 2656 Deum
1099 2596 1212 2675 ipsun,

289 2694 349 2754 quo
371 2675 509 2737 divinem
535 2678 682 2739 iustitiam
715 2680 745 2739 in
775 2680 821 2741 eis
849 2679 1016 2740 videamus.
1064 2677 1134 2738 Hoo
1153 2678 1221 2738 etsi

289 2758 416 2820 arduum
446 2766 514 2839 est,
546 2767 650 2823 temen
685 2763 860 2824 nouandum
888 2769 950 2838 est,
978 2780 1049 2822 nom
1081 2780 1151 2823 oum
1173 2762 1220 2822 sit

288 2842 371 2903 Deus
393 2843 490 2903 iustus
511 2843 620 2921 iudex,
652 2846 801 2906 iustitium
829 2847 896 2907 eins
924 2845 1008 2925 diligi
1036 2851 1068 2905 et
1094 2843 1211 2904 loudori

289 2932 428 3005 oportet:
467 2932 560 3006 atque
594 2926 638 2988 ito
673 2930 703 2989 in
738 2928 807 2991 Deo
842 2928 978 3009 gnudere
1010 2929 1101 2988 etiem
1129 2933 1212 3001 tuno,

289 3008 412 3087 quondo
436 3009 535 3070 melos
554 3010 635 3071 mele
648 3011 750 3091 perdit
770 3012 800 3070 in
814 3010 1117 3089 eorporeetsnimn‚
1139 3009 1219 3086 quie>

288 3092 316 3151 in
338 3092 388 3151 his
424 3091 567 3153 omnibus
604 3112 725 3155 summo
757 3112 813 3154 son
844 3100 876 3153 ot
905 3090 1068 3153 ineffabilis
1095 3090 1215 3151 iustitio

288 3174 378 3237 lueet.
422 3174 530 3253 ltsque
565 3175 701 3239 infernus
738 3196 861 3257 quoqne
889 3176 999 3256 plenus
1021 3180 1069 3234 est
1089 3174 1156 3235 Deo
1179 3180 1218 3233 et·

287 3256 531 3337 summobono,
566 3278 630 3321 non
662 3262 764 3321 minus
795 3279 887 3338 quom
919 3259 1051 3321 eoelum.
1093 3257 1212 3318 lustitis

288 3342 368 3403 enim
383 3340 442 3401 Dei
463 3341 627 3421 ipseDeus
651 3353 707 3421 est,
719 3344 803 3405 Deus
825 3362 900 3405 vero
922 3361 1073 3404 summum
1095 3341 1216 3403 bonum.
1340 3337 1344 3347 “

288 3432 343 3487 ort.
389 3422 492 3499 Quare
514 3430 548 3485 ut
569 3426 788 3503 miseritur-die,
810 3429 855 3488 ito
876 3435 908 3487 et
929 3426 1047 3487 iustitio
1067 3426 1133 3485 eins
1154 3440 1213 3484 sen

287 3507 439 3653 ffloiffi
453 3526 581 3569 summo
594 3509 775 3597 emendum,
808 3509 1012 3587 laudandum,
1031 3507 1213 3630 praedicun-¹

360 4028 392 4098 1)
413 4028 443 4083 ln
463 4027 507 4084 ed.
523 4026 599 4085 ἔπιε
619 4030 882 4098 prosunt-isonat

369 3672 439 3734 Hoo
461 3692 554 3735 sensu
574 3674 674 3737 David
698 3675 787 3737 dioit:
809 3675 985 3737 Lostnbitur
1010 3675 1117 3749 iustus,
1139 3628 1214 3732 enin1
1292 3690 1305 3720 ο
1364 3728 1369 3739 ,

291 3756 400 3819 viderit
419 3756 603 3839 vindioteln,
636 3777 744 3819 monus
777 3777 849 3819 suos
870 3758 986 3820 levabit
1006 3757 1211 3837 insanguine

291 3841 470 3919 peoootoris.
513 3839 580 3901 Heu
600 3841 722 3903 ratione
741 3841 898 3922 prohibuit
911 3841 1061 3904 Dominus
1082 3838 1208 3903 Semne·
