3159 4792
226 469 232 479 Ι
351 494 393 560 12
635 496 762 567 Epistola
779 497 855 554 liter.
874 497 990 553 limseri.

353 683 562 761 obsecro‚,vir
584 684 661 761 Dei,
694 682 942 764 quandoquidem
973 690 1005 745 te
1026 686 1110 745 Deus
1137 682 1197 743 illis
1219 682 1273 743 do-

347 769 511 827 mesticum
539 767 624 827 dedit
650 786 745 828 sanae
767 767 927 831 doctrinae
949 767 1107 829 doctorem
1130 786 1167 826 ac
1190 767 1273 827 navi·

352 850 441 910 culae
463 868 537 909 suae
558 852 722 930 remigem,
753 871 829 931 age,
851 852 992 929 inquam,
1020 858 1113 930 atque
1134 850 1212 909 velis
1235 869 1274 909 ac

351 934 443 993 remis
466 932 601 993 Archam
637 934 718 993 hanc
747 953 787 993 ex
814 934 861 994 his
885 933 1024 1013 Syrtibus
1056 935 1132 1001 (nisi
1161 938 1274 1013 sponte

351 1036 407 1077 sua
429 1016 620 1096 naufragium
643 1021 743 1093 amat)
759 1019 790 1076 in
814 1018 977 1077 stationem
994 1036 1079 1078 suam
1102 1018 1274 1097 pristinam,
1376 1058 1378 1063 -

311 1147 313 1149 .
350 1099 412 1159 hoc
434 1106 497 1176 est,
529 1100 560 1158 in
583 1100 732 1180 gremium
762 1106 888 1161 sanotae
916 1102 1020 1161 matris
1054 1100 1205 1161 ecclesiae
1227 1118 1273 1159 re-

351 1182 465 1242 ducito.
510 1181 542 1242 ld
566 1184 647 1242 enim
670 1182 765 1244 debes
788 1184 872 1259 Deo
902 1182 996 1245 debes
1018 1185 1153 1281 patriae,
1177 1182 1273 1243 debes

351 1264 543 1326 Christianae
565 1272 688 1326 nostrae
709 1266 906 1346 reipublicae.
940 1266 1006 1327 Nec
1028 1268 1176 1327 maiorem
1198 1266 1272 1327 alibi

350 1350 479 1429 gratiam
502 1367 570 1409 cum
593 1348 692 1410 Deo
684 1351 771 1427 mire
794 1356 847 1409 aut
836 1350 1041 1411 tuberiorern
1065 1369 1120 1429 pro
1143 1369 1177 1409 re
1199 1368 1272 1427 qua-

350 1432 432 1528 piam
454 1431 626 1491 mercedem
649 1430 688 1492 ab
710 1452 748 1494 eo
771 1452 896 1511 sperare
917 1434 1043 1513 poteris.
1086 1431 1220 1511 Quodl)
1246 1434 1272 1492 si

350 1515 434 1575 corvi
456 1515 559 1593 aliqui,
582 1514 767 1577 caducorum
791 1516 943 1577 bonorum
966 1517 1092 1578 istorum
1116 1516 1272 1576 cadaveri·
1304 1520 1318 1577 ἲ

349 1595 440 1657 hus
431 1599 569 1675 inescati,
591 1606 622 1657 te
643 1600 732 1676 sequi
754 1599 918 1676 noluerint,
944 1607 976 1659 ιιι
997 1601 1049 1697 qui
1070 1600 1271 1660 Temesseum

349 1680 515 1759 aliquando
537 1682 661 1761 genium
683 1681 844 1758 affuturum
867 1701 928 1743 non
958 1684 1110 1763 cogitent,
1143 1682 1273 1743 redeant

349 1764 458 1825 saltem
480 1763 630 1845 pacificae
652 1765 691 1824 ad
714 1773 745 1825 te
766 1766 946 1843 columbae,
981 1729 1110 1848 virideni
1131 1764 1202 1825 fidei
1225 1785 1274 1825 ra-·
1322 1831 1332 1847 ⁸

349 1855 432 1905 mum
463 1866 566 1907 secum
600 1846 791 1927 deferentes,
824 1867 884 1927 quo
915 1850 1013 1909 crucia
1036 1849 1205 1909 Ohristit
1176 1849 1272 1927 stipiti

349 1930 451 1989 denuo
475 1931 662 2007 inserantur,
683 1929 738 1991 liat
726 1937 798 2009 tque
820 1931 906 1991 iuxta
927 1951 1037 1993 vocem
1059 1933 1155 2011 ipsius
1176 1951 1270 1991 uuum

244 2058 249 2061 -
348 2014 457 2073 iterum
481 2013 563 2073 ovile
585 2020 617 2073 et
637 2032 715 2073 uuus
736 2021 857 2093 pastor
880 2022 912 2075 ut
933 2005 1089 2077 destructa
1111 2014 1273 2095 Babylone
1320 2057 1323 2067 ,

348 2094 548 2155 aedificentur
568 2097 646 2155 muri
666 2097 843 2158 Ierusalem.
887 2098 1016 2159 Ocelum
1034 2100 1114 2159 enim
1139 2105 1169 2158 et
1191 2104 1273 2159 terra

348 2178 536 2256 transibunt,
569 2179 694 2240 verbum
719 2186 820 2240 aulem
843 2181 967 2242 Domini
996 2181 1130 2242 manet
1122 2201 1153 2241 ιιι
1175 2188 1272 2241 aeter-

348 2281 431 2323 num.
482 2225 631 2339 Vale,e
614 2263 846 2343 etepistolam
870 2264 951 2324 hanc
981 2270 1149 2345 perpetuae
1182 2282 1272 2324 meae

347 2364 422 2426 erga
444 2352 475 2403 te
498 2344 714 2405 observantiae
743 2353 854 2407 testem
885 2346 1021 2426 benigno
1044 2348 1129 2408 vultu
1152 2348 1271 2427 accipe,

347 2435 379 2487 et
398 2428 502 2488 felix
493 2448 524 2487 ru
547 2428 668 2489 Christo
689 2429 853 2507 triumpha.

569 2510 618 2569 le
639 2511 759 2590 Lipsia,
779 2512 884 2573 Idibus
905 2513 1045 2593 Augusti.

628 2594 720 2659 Auno
742 2595 781 2658 Μ.
804 2596 842 2656 D.
865 2596 934 2655 XIX
951 2596 995 2671 ²).

348 2766 767 2777 -—-——-—-———

419 2870 448 2926 ι)
478 2867 557 2935 Apud
584 2868 697 2920 Loesch.
721 2868 813 2921 deleto
833 2868 910 2937 quod
927 2868 1064 2921 antecedit
1082 2873 1184 2935 puncto
1203 2868 1270 2937 legi·

278 2990 286 2996 ,
346 2943 402 2990 tur:
430 2942 547 3005 quamsi.
589 2942 619 3000 ‘ll
642 2939 710 2993 lbid
736 2940 887 2993 seeundum
920 2940 1070 2993 editionem
1103 2940 1269 3009 originalem

347 3011 515 3077 Lipsiensem
541 3012 656 3079 legitur·
688 3012 729 3063 Ex
752 3013 861 3080 Lipsio
889 3011 984 3065 Idibus
1011 3010 1131 3080 Augusti
1159 3027 1234 3065 anno
1254 3028 1271 3063 a

344 3083 430 3134 natali
449 3083 558 3135 Christi
596 3082 631 3136 Μ.
652 3083 682 3133 l)
701 3084 935 3153 Undevigasimo‚
964 3088 991 3136 et
1013 3086 1041 3136 in
1067 3086 1120 3136 fine
1145 3084 1270 3166 additum

343 3154 445 3223 legitur
463 3155 517 3207 hoo
536 3155 718 3223 Sapphicum:

564 3293 732 3361 Sapphicum
752 3252 877 3348 eiusdem
898 3295 931 3349 de
952 3296 1048 3348 eedem

706 3365 908 3435 disputatione„

488 3471 597 3523 Africae
617 3487 672 3525 non
694 3478 736 3526 tot
754 3489 825 3527 nova
843 3474 922 3527 Nilus
942 3474 1031 3527 adfert

486 3540 622 3610 Monstra,
642 3549 710 3611 quot
729 3561 819 3612 nuper
836 3546 898 3597 tulit
917 3562 970 3598 una
989 3546 1094 3599 scribas

487 3612 613 3679 criticos,
632 3614 739 3669 Momos
763 3616 862 3683 (etiam
884 3620 1042 3685 imperitos)

530 3685 636 3753 Lipsioa
655 3704 759 3757 pogna.

486 3790 564 3856 Quia
583 3792 697 3858 malum
716 3795 802 3846 sacris
822 3793 1010 3849 cacodaemon
1028 3796 1096 3847 istas

484 3863 578 3915 Rebus
596 3833 722 3916 immitlit
741 3867 848 3919 furias?
868 3867 929 3935 quis
948 3868 1020 3919 inter

485 3933 575 3986 Tanta
593 3934 701 3988 divinae
721 3935 842 4004 Sophiae
860 3940 1011 4007 magistros

527 4004 640 4061 Proelia
657 4007 774 4061 miscet?
