<?xml version="1.0" encoding="UTF-8"?>
<!DOCTYPE html PUBLIC "-//W3C//DTD XHTML 1.0 Transitional//EN"
    "http://www.w3.org/TR/xhtml1/DTD/xhtml1-transitional.dtd">
<html xmlns="http://www.w3.org/1999/xhtml" xml:lang="en" lang="en">
 <head>
  <title>
</title>
<meta http-equiv="Content-Type" content="text/html;charset=utf-8" />
  <meta name='ocr-system' content='tesseract 3.04.00' />
  <meta name='ocr-capabilities' content='ocr_page ocr_carea ocr_par ocr_line ocrx_word'/>
</head>
<body>
  <div class='ocr_page' id='page_1' title='image "./operalatinavari04schmgoog_0187.png"; bbox 0 0 3159 4792; ppageno 0'>
   <div class='ocr_carea' id='block_1_1' title="bbox 547 537 1196 614">
    <p class='ocr_par' dir='ltr' id='par_1_1' title="bbox 547 537 1196 614">
     <span class='ocr_line' id='line_1_1' title="bbox 547 537 1196 614; baseline 0.023 -15"><span class='ocrx_word' id='word_1_1' title='bbox 547 545 643 604; x_wconf 73' lang='lat' dir='ltr'>suros.</span> <span class='ocrx_word' id='word_1_2' title='bbox 662 547 697 603; x_wconf 85' lang='lat' dir='ltr'>u.</span> <span class='ocrx_word' id='word_1_3' title='bbox 716 543 752 603; x_wconf 84' lang='lat' dir='ltr'>u.</span> <span class='ocrx_word' id='word_1_4' title='bbox 771 542 894 607; x_wconf 74' lang='lat' dir='ltr'>tumen.</span> <span class='ocrx_word' id='word_1_5' title='bbox 954 537 961 555; x_wconf 64' lang='lat'>‘</span> <span class='ocrx_word' id='word_1_6' title='bbox 1134 548 1196 614; x_wconf 78' lang='grc'>179</span> 
     </span>
    </p>
   </div>
   <div class='ocr_carea' id='block_1_2' title="bbox 263 730 1195 4053">
    <p class='ocr_par' dir='ltr' id='par_1_2' title="bbox 265 730 1195 1230">
     <span class='ocr_line' id='line_1_2' title="bbox 349 730 1195 815; baseline 0.005 -23"><span class='ocrx_word' id='word_1_7' title='bbox 349 730 429 794; x_wconf 82' lang='lat' dir='ltr'><strong>Post</strong></span> <span class='ocrx_word' id='word_1_8' title='bbox 462 736 602 793; x_wconf 83' lang='lat' dir='ltr'>exactam</span> <span class='ocrx_word' id='word_1_9' title='bbox 646 734 679 795; x_wconf 88' lang='lat' dir='ltr'>st</span> <span class='ocrx_word' id='word_1_10' title='bbox 710 732 891 815; x_wconf 81' lang='lat' dir='ltr'>diligentem</span> <span class='ocrx_word' id='word_1_11' title='bbox 934 734 1195 796; x_wconf 86' lang='lat' dir='ltr'>examinationem</span> 
     </span>
     <span class='ocr_line' id='line_1_3' title="bbox 266 816 1195 899; baseline 0.003 -23"><span class='ocrx_word' id='word_1_12' title='bbox 266 816 485 896; x_wconf 83' lang='lat' dir='ltr'>comperimus,</span> <span class='ocrx_word' id='word_1_13' title='bbox 506 822 630 896; x_wconf 81' lang='lat' dir='ltr'>prester</span> <span class='ocrx_word' id='word_1_14' title='bbox 650 816 801 898; x_wconf 79' lang='lat' dir='ltr'>insignem</span> <span class='ocrx_word' id='word_1_15' title='bbox 824 817 1046 880; x_wconf 78' lang='lat' dir='ltr'>detractionem</span> <span class='ocrx_word' id='word_1_16' title='bbox 1058 818 1195 899; x_wconf 89' lang='lat' dir='ltr'>philoso-</span> 
     </span>
     <span class='ocr_line' id='line_1_4' title="bbox 265 898 1195 980; baseline 0.002 -22"><span class='ocrx_word' id='word_1_17' title='bbox 265 898 379 979; x_wconf 87' lang='lat' dir='ltr'>phiae,</span> <span class='ocrx_word' id='word_1_18' title='bbox 398 905 429 959; x_wconf 91' lang='lat' dir='ltr'>et</span> <span class='ocrx_word' id='word_1_19' title='bbox 450 901 586 960; x_wconf 89' lang='lat' dir='ltr'>omnium</span> <span class='ocrx_word' id='word_1_20' title='bbox 610 898 798 980; x_wconf 77' lang='lat' dir='ltr'>Doctorum,</span> <span class='ocrx_word' id='word_1_21' title='bbox 826 903 877 980; x_wconf 90' lang='lat' dir='ltr'>qni</span> <span class='ocrx_word' id='word_1_22' title='bbox 899 902 1022 963; x_wconf 83' lang='lat' dir='ltr'>fuerunt</span> <span class='ocrx_word' id='word_1_23' title='bbox 1044 902 1082 963; x_wconf 87' lang='lat' dir='ltr'>ab</span> <span class='ocrx_word' id='word_1_24' title='bbox 1105 901 1195 962; x_wconf 87' lang='lat' dir='ltr'>annis</span> 
     </span>
     <span class='ocr_line' id='line_1_5' title="bbox 266 982 1195 1062; baseline 0.003 -21"><span class='ocrx_word' id='word_1_25' title='bbox 266 982 517 1062; x_wconf 79' lang='lat' dir='ltr'>quadringentis,</span> <span class='ocrx_word' id='word_1_26' title='bbox 551 983 642 1043; x_wconf 85' lang='lat' dir='ltr'>etiem</span> <span class='ocrx_word' id='word_1_27' title='bbox 672 984 831 1044; x_wconf 89' lang='lat' dir='ltr'>continere</span> <span class='ocrx_word' id='word_1_28' title='bbox 858 985 1045 1046; x_wconf 81' lang='lat' dir='ltr'>assertiones</span> <span class='ocrx_word' id='word_1_29' title='bbox 1083 984 1195 1045; x_wconf 89' lang='lat' dir='ltr'>multas</span> 
     </span>
     <span class='ocr_line' id='line_1_6' title="bbox 265 1064 1195 1149; baseline 0.002 -25"><span class='ocrx_word' id='word_1_30' title='bbox 265 1064 372 1145; x_wconf 85' lang='lat' dir='ltr'>isisas,</span> <span class='ocrx_word' id='word_1_31' title='bbox 397 1064 607 1146; x_wconf 71' lang='lat' dir='ltr'>mandamaes,</span> <span class='ocrx_word' id='word_1_32' title='bbox 629 1064 800 1127; x_wconf 85' lang='lat' dir='ltr'>haereticas</span> <span class='ocrx_word' id='word_1_33' title='bbox 813 1067 1008 1130; x_wconf 83' lang='lat' dir='ltr'>ethaereeIm</span> <span class='ocrx_word' id='word_1_34' title='bbox 1029 1068 1195 1149; x_wconf 87' lang='lat' dir='ltr'>sapientes,</span> 
     </span>
     <span class='ocr_line' id='line_1_7' title="bbox 270 1147 857 1230; baseline 0.005 -22"><span class='ocrx_word' id='word_1_35' title='bbox 270 1147 449 1209; x_wconf 84' lang='lat' dir='ltr'>cuiusmodi</span> <span class='ocrx_word' id='word_1_36' title='bbox 469 1155 548 1228; x_wconf 83' lang='lat' dir='ltr'>sunt,</span> <span class='ocrx_word' id='word_1_37' title='bbox 573 1168 652 1229; x_wconf 89' lang='lat' dir='ltr'>quae</span> <span class='ocrx_word' id='word_1_38' title='bbox 675 1154 857 1230; x_wconf 87' lang='lat' dir='ltr'>sequuntur:</span> 
     </span>
    </p>

    <p class='ocr_par' dir='ltr' id='par_1_3' title="bbox 265 1230 1192 1375">
     <span class='ocr_line' id='line_1_8' title="bbox 327 1230 1192 1374; baseline 0.005 -83"><span class='ocrx_word' id='word_1_39' title='bbox 327 1230 440 1374; x_wconf 44' lang='lat' dir='ltr'>&#39;Ihm</span> <span class='ocrx_word' id='word_1_40' title='bbox 479 1232 593 1293; x_wconf 90' lang='lat' dir='ltr'>bonum</span> <span class='ocrx_word' id='word_1_41' title='bbox 634 1233 751 1313; x_wconf 88' lang='lat' dir='ltr'>optime</span> <span class='ocrx_word' id='word_1_42' title='bbox 786 1234 899 1295; x_wconf 85' lang='lat' dir='ltr'>fectum</span> <span class='ocrx_word' id='word_1_43' title='bbox 942 1241 990 1295; x_wconf 89' lang='lat' dir='ltr'>est</span> <span class='ocrx_word' id='word_1_44' title='bbox 1030 1240 1192 1317; x_wconf 86' lang='lat' dir='ltr'>peccatum</span> 
     </span>
     <span class='ocr_line' id='line_1_9' title="bbox 265 1332 399 1375; baseline -0.007 0"><span class='ocrx_word' id='word_1_45' title='bbox 265 1332 399 1375; x_wconf 89' lang='lat' dir='ltr'>vemas.</span> 
     </span>
    </p>

    <p class='ocr_par' dir='ltr' id='par_1_4' title="bbox 264 1396 1194 2061">
     <span class='ocr_line' id='line_1_10' title="bbox 353 1396 1194 1479; baseline 0.004 -22"><span class='ocrx_word' id='word_1_46' title='bbox 353 1396 450 1457; x_wconf 84' lang='lat' dir='ltr'>Item:</span> <span class='ocrx_word' id='word_1_47' title='bbox 471 1397 520 1457; x_wconf 82' lang='lat' dir='ltr'>Ex</span> <span class='ocrx_word' id='word_1_48' title='bbox 543 1416 591 1476; x_wconf 87' lang='lat' dir='ltr'>ec,</span> <span class='ocrx_word' id='word_1_49' title='bbox 614 1397 697 1477; x_wconf 88' lang='lat' dir='ltr'>quod</span> <span class='ocrx_word' id='word_1_50' title='bbox 711 1397 816 1460; x_wconf 80' lang='lat' dir='ltr'>Sancti</span> <span class='ocrx_word' id='word_1_51' title='bbox 835 1398 868 1458; x_wconf 89' lang='lat' dir='ltr'>in</span> <span class='ocrx_word' id='word_1_52' title='bbox 884 1400 968 1459; x_wconf 88' lang='lat' dir='ltr'>omni</span> <span class='ocrx_word' id='word_1_53' title='bbox 991 1396 1074 1460; x_wconf 92' lang='lat' dir='ltr'>bono</span> <span class='ocrx_word' id='word_1_54' title='bbox 1099 1418 1194 1479; x_wconf 90' lang='lat' dir='ltr'>opere</span> 
     </span>
     <span class='ocr_line' id='line_1_11' title="bbox 268 1478 1193 1561; baseline 0.001 -19"><span class='ocrx_word' id='word_1_55' title='bbox 268 1482 371 1542; x_wconf 89' lang='lat' dir='ltr'>minus</span> <span class='ocrx_word' id='word_1_56' title='bbox 394 1480 510 1541; x_wconf 86' lang='lat' dir='ltr'>faciunt</span> <span class='ocrx_word' id='word_1_57' title='bbox 532 1500 622 1561; x_wconf 87' lang='lat' dir='ltr'>quem</span> <span class='ocrx_word' id='word_1_58' title='bbox 647 1481 778 1560; x_wconf 79' lang='lat' dir='ltr'>debent,</span> <span class='ocrx_word' id='word_1_59' title='bbox 811 1481 956 1561; x_wconf 88' lang='lat' dir='ltr'>quodque</span> <span class='ocrx_word' id='word_1_60' title='bbox 977 1478 1078 1541; x_wconf 83' lang='lat' dir='ltr'>nulius</span> <span class='ocrx_word' id='word_1_61' title='bbox 1100 1481 1193 1543; x_wconf 74' lang='lat' dir='ltr'>Sene</span> 
     </span>
     <span class='ocr_line' id='line_1_12' title="bbox 266 1563 1193 1645; baseline 0 -20"><span class='ocrx_word' id='word_1_62' title='bbox 266 1571 370 1625; x_wconf 88' lang='lat' dir='ltr'>torum</span> <span class='ocrx_word' id='word_1_63' title='bbox 394 1565 470 1624; x_wconf 81' lang='lat' dir='ltr'>vixit</span> <span class='ocrx_word' id='word_1_64' title='bbox 490 1566 521 1624; x_wconf 90' lang='lat' dir='ltr'>in</span> <span class='ocrx_word' id='word_1_65' title='bbox 542 1564 602 1625; x_wconf 87' lang='lat' dir='ltr'>hec</span> <span class='ocrx_word' id='word_1_66' title='bbox 621 1566 686 1625; x_wconf 87' lang='lat' dir='ltr'>vite</span> <span class='ocrx_word' id='word_1_67' title='bbox 700 1567 767 1624; x_wconf 89' lang='lat' dir='ltr'>sine</span> <span class='ocrx_word' id='word_1_68' title='bbox 787 1570 927 1645; x_wconf 79' lang='lat' dir='ltr'>peccato,</span> <span class='ocrx_word' id='word_1_69' title='bbox 945 1563 1110 1645; x_wconf 75' lang='lat' dir='ltr'>concludit,</span> <span class='ocrx_word' id='word_1_70' title='bbox 1132 1582 1193 1625; x_wconf 91' lang='lat' dir='ltr'>me-</span> 
     </span>
     <span class='ocr_line' id='line_1_13' title="bbox 265 1642 1192 1731; baseline 0 -24"><span class='ocrx_word' id='word_1_71' title='bbox 265 1648 325 1708; x_wconf 86' lang='lat' dir='ltr'>rita</span> <span class='ocrx_word' id='word_1_72' title='bbox 340 1646 525 1708; x_wconf 78' lang='lat' dir='ltr'>Sanctorum</span> <span class='ocrx_word' id='word_1_73' title='bbox 547 1647 632 1708; x_wconf 85' lang='lat' dir='ltr'>nulia</span> <span class='ocrx_word' id='word_1_74' title='bbox 654 1666 723 1708; x_wconf 88' lang='lat' dir='ltr'>esse</span> <span class='ocrx_word' id='word_1_75' title='bbox 746 1646 902 1731; x_wconf 83' lang='lat' dir='ltr'>superflue</span> <span class='ocrx_word' id='word_1_76' title='bbox 913 1647 980 1725; x_wconf 87' lang='lat' dir='ltr'>sibi,</span> <span class='ocrx_word' id='word_1_77' title='bbox 1002 1642 1081 1726; x_wconf 87' lang='lat' dir='ltr'>quae</span> <span class='ocrx_word' id='word_1_78' title='bbox 1102 1646 1192 1708; x_wconf 88' lang='lat' dir='ltr'>nobis</span> 
     </span>
     <span class='ocr_line' id='line_1_14' title="bbox 265 1728 1191 1811; baseline 0 -20"><span class='ocrx_word' id='word_1_79' title='bbox 265 1729 376 1791; x_wconf 88' lang='lat' dir='ltr'>otiosis</span> <span class='ocrx_word' id='word_1_80' title='bbox 400 1736 596 1809; x_wconf 83' lang='lat' dir='ltr'>succurrunt3</span> <span class='ocrx_word' id='word_1_81' title='bbox 629 1729 794 1791; x_wconf 86' lang='lat' dir='ltr'>intendens</span> <span class='ocrx_word' id='word_1_82' title='bbox 825 1750 882 1811; x_wconf 92' lang='lat' dir='ltr'>per</span> <span class='ocrx_word' id='word_1_83' title='bbox 909 1730 970 1792; x_wconf 91' lang='lat' dir='ltr'>hoe</span> <span class='ocrx_word' id='word_1_84' title='bbox 998 1728 1191 1791; x_wconf 82' lang='lat' dir='ltr'>menifestum</span> 
     </span>
     <span class='ocr_line' id='line_1_15' title="bbox 264 1812 1192 1893; baseline 0 -19"><span class='ocrx_word' id='word_1_85' title='bbox 264 1813 391 1891; x_wconf 80' lang='lat' dir='ltr'>iacere,</span> <span class='ocrx_word' id='word_1_86' title='bbox 426 1812 514 1892; x_wconf 59' lang='lat' dir='ltr'>quod*</span> <span class='ocrx_word' id='word_1_87' title='bbox 539 1814 648 1874; x_wconf 83' lang='lat' dir='ltr'>m&#39;erita</span> <span class='ocrx_word' id='word_1_88' title='bbox 670 1812 854 1876; x_wconf 84' lang='lat' dir='ltr'>Sanctorum</span> <span class='ocrx_word' id='word_1_89' title='bbox 875 1813 962 1875; x_wconf 89' lang='lat' dir='ltr'>nulla</span> <span class='ocrx_word' id='word_1_90' title='bbox 992 1820 1078 1892; x_wconf 87' lang='lat' dir='ltr'>sunt,</span> <span class='ocrx_word' id='word_1_91' title='bbox 1113 1832 1192 1893; x_wconf 87' lang='lat' dir='ltr'>quae</span> 
     </span>
     <span class='ocr_line' id='line_1_16' title="bbox 266 1895 1191 1978; baseline -0.002 -21"><span class='ocrx_word' id='word_1_92' title='bbox 266 1897 359 1957; x_wconf 90' lang='lat' dir='ltr'>nobis</span> <span class='ocrx_word' id='word_1_93' title='bbox 381 1902 511 1977; x_wconf 85' lang='lat' dir='ltr'>possunt</span> <span class='ocrx_word' id='word_1_94' title='bbox 533 1896 768 1975; x_wconf 86' lang='lat' dir='ltr'>communicari,</span> <span class='ocrx_word' id='word_1_95' title='bbox 798 1898 871 1977; x_wconf 91' lang='lat' dir='ltr'>quin</span> <span class='ocrx_word' id='word_1_96' title='bbox 901 1905 932 1957; x_wconf 91' lang='lat' dir='ltr'>et</span> <span class='ocrx_word' id='word_1_97' title='bbox 953 1895 1056 1978; x_wconf 76' lang='lat' dir='ltr'>Sancti</span> <span class='ocrx_word' id='word_1_98' title='bbox 1078 1895 1109 1955; x_wconf 89' lang='lat' dir='ltr'>in</span> <span class='ocrx_word' id='word_1_99' title='bbox 1131 1896 1191 1956; x_wconf 89' lang='lat' dir='ltr'>iilis</span> 
     </span>
     <span class='ocr_line' id='line_1_17' title="bbox 266 1978 932 2061; baseline 0.009 -22"><span class='ocrx_word' id='word_1_100' title='bbox 266 1996 345 2059; x_wconf 90' lang='lat' dir='ltr'>opus</span> <span class='ocrx_word' id='word_1_101' title='bbox 369 1978 485 2039; x_wconf 83' lang='lat' dir='ltr'>hebent</span> <span class='ocrx_word' id='word_1_102' title='bbox 506 1979 719 2041; x_wconf 87' lang='lat' dir='ltr'>misericordia</span> <span class='ocrx_word' id='word_1_103' title='bbox 739 1981 932 2061; x_wconf 87' lang='lat' dir='ltr'>ignoscente.</span> 
     </span>
    </p>

    <p class='ocr_par' dir='ltr' id='par_1_5' title="bbox 265 2049 1192 2475">
     <span class='ocr_line' id='line_1_18' title="bbox 348 2049 1192 2143; baseline 0 -22"><span class='ocrx_word' id='word_1_104' title='bbox 348 2062 436 2122; x_wconf 87' lang='lat' dir='ltr'>Haec</span> <span class='ocrx_word' id='word_1_105' title='bbox 457 2063 636 2143; x_wconf 90' lang='lat' dir='ltr'>simpliciter</span> <span class='ocrx_word' id='word_1_106' title='bbox 656 2063 772 2125; x_wconf 79' lang='lat' dir='ltr'>dixisse</span> <span class='ocrx_word' id='word_1_107' title='bbox 793 2082 857 2125; x_wconf 93' lang='lat' dir='ltr'>non</span> <span class='ocrx_word' id='word_1_108' title='bbox 870 2070 919 2124; x_wconf 88' lang='lat' dir='ltr'>set</span> <span class='ocrx_word' id='word_1_109' title='bbox 940 2068 1015 2140; x_wconf 85' lang='lat' dir='ltr'>erat,</span> <span class='ocrx_word' id='word_1_110' title='bbox 1037 2049 1192 2123; x_wconf 70' lang='lat' dir='ltr'>sed&#39;ltsec</span> 
     </span>
     <span class='ocr_line' id='line_1_19' title="bbox 265 2144 1192 2227; baseline -0.002 -21"><span class='ocrx_word' id='word_1_111' title='bbox 265 2146 360 2206; x_wconf 86' lang='lat' dir='ltr'>etism</span> <span class='ocrx_word' id='word_1_112' title='bbox 383 2144 469 2205; x_wconf 80' lang='lat' dir='ltr'>addit</span> <span class='ocrx_word' id='word_1_113' title='bbox 489 2144 597 2207; x_wconf 81' lang='lat' dir='ltr'>verbe:</span> <span class='ocrx_word' id='word_1_114' title='bbox 620 2144 660 2207; x_wconf 78' lang='lat' dir='ltr'>Et</span> <span class='ocrx_word' id='word_1_115' title='bbox 679 2153 714 2207; x_wconf 88' lang='lat' dir='ltr'>nt</span> <span class='ocrx_word' id='word_1_116' title='bbox 735 2144 901 2227; x_wconf 84' lang='lat' dir='ltr'>aliquando</span> <span class='ocrx_word' id='word_1_117' title='bbox 923 2145 1026 2206; x_wconf 80' lang='lat' dir='ltr'>suddx</span> <span class='ocrx_word' id='word_1_118' title='bbox 1047 2146 1120 2221; x_wconf 75' lang='lat' dir='ltr'>sim,</span> <span class='ocrx_word' id='word_1_119' title='bbox 1143 2163 1192 2223; x_wconf 84' lang='lat' dir='ltr'>ea,</span> 
     </span>
     <span class='ocr_line' id='line_1_20' title="bbox 265 2226 1191 2311; baseline -0.001 -23"><span class='ocrx_word' id='word_1_120' title='bbox 265 2246 346 2309; x_wconf 85' lang='lat' dir='ltr'>quae</span> <span class='ocrx_word' id='word_1_121' title='bbox 364 2228 430 2288; x_wconf 86' lang='lat' dir='ltr'>&#39;iem</span> <span class='ocrx_word' id='word_1_122' title='bbox 453 2227 533 2308; x_wconf 84' lang='lat' dir='ltr'>dixi,</span> <span class='ocrx_word' id='word_1_123' title='bbox 553 2237 710 2311; x_wconf 87' lang='lat' dir='ltr'>protestor</span> <span class='ocrx_word' id='word_1_124' title='bbox 730 2244 780 2289; x_wconf 91' lang='lat' dir='ltr'>me</span> <span class='ocrx_word' id='word_1_125' title='bbox 802 2248 865 2290; x_wconf 89' lang='lat' dir='ltr'>non</span> <span class='ocrx_word' id='word_1_126' title='bbox 887 2228 1040 2304; x_wconf 76' lang='lat' dir='ltr'>dubitare,</span> <span class='ocrx_word' id='word_1_127' title='bbox 1062 2226 1117 2287; x_wconf 86' lang='lat' dir='ltr'>sed</span> <span class='ocrx_word' id='word_1_128' title='bbox 1139 2246 1191 2308; x_wconf 78' lang='lat' dir='ltr'>pa</span> 
     </span>
     <span class='ocr_line' id='line_1_21' title="bbox 265 2310 1191 2393; baseline 0 -22"><span class='ocrx_word' id='word_1_129' title='bbox 265 2317 350 2371; x_wconf 88' lang='lat' dir='ltr'>ratus</span> <span class='ocrx_word' id='word_1_130' title='bbox 373 2312 477 2391; x_wconf 81' lang='lat' dir='ltr'>Ignem</span> <span class='ocrx_word' id='word_1_131' title='bbox 501 2318 532 2372; x_wconf 91' lang='lat' dir='ltr'>et</span> <span class='ocrx_word' id='word_1_132' title='bbox 553 2316 682 2374; x_wconf 76' lang='lat' dir='ltr'>mortem</span> <span class='ocrx_word' id='word_1_133' title='bbox 705 2313 862 2393; x_wconf 86' lang='lat' dir='ltr'>suscipere</span> <span class='ocrx_word' id='word_1_134' title='bbox 883 2329 939 2393; x_wconf 90' lang='lat' dir='ltr'>pro</span> <span class='ocrx_word' id='word_1_135' title='bbox 961 2311 1038 2388; x_wconf 91' lang='lat' dir='ltr'>illis,</span> <span class='ocrx_word' id='word_1_136' title='bbox 1067 2318 1099 2373; x_wconf 91' lang='lat' dir='ltr'>et</span> <span class='ocrx_word' id='word_1_137' title='bbox 1119 2310 1191 2371; x_wconf 79' lang='lat' dir='ltr'>hae</span> 
     </span>
     <span class='ocr_line' id='line_1_22' title="bbox 265 2395 1082 2475; baseline 0.005 -21"><span class='ocrx_word' id='word_1_138' title='bbox 265 2396 398 2455; x_wconf 85' lang='lat' dir='ltr'>reticum</span> <span class='ocrx_word' id='word_1_139' title='bbox 420 2412 555 2456; x_wconf 84' lang='lat' dir='ltr'>asseram</span> <span class='ocrx_word' id='word_1_140' title='bbox 579 2411 712 2475; x_wconf 80' lang='lat' dir='ltr'>omnem,</span> <span class='ocrx_word' id='word_1_141' title='bbox 736 2395 786 2475; x_wconf 91' lang='lat' dir='ltr'>qui</span> <span class='ocrx_word' id='word_1_142' title='bbox 810 2400 918 2457; x_wconf 88' lang='lat' dir='ltr'>contra</span> <span class='ocrx_word' id='word_1_143' title='bbox 939 2395 1082 2475; x_wconf 79' lang='lat' dir='ltr'>sapuerit.</span> 
     </span>
    </p>

    <p class='ocr_par' dir='ltr' id='par_1_6' title="bbox 265 2475 1192 2807">
     <span class='ocr_line' id='line_1_23' title="bbox 351 2475 1188 2560; baseline -0.001 -22"><span class='ocrx_word' id='word_1_144' title='bbox 351 2478 428 2538; x_wconf 85' lang='lat' dir='ltr'>item</span> <span class='ocrx_word' id='word_1_145' title='bbox 451 2477 660 2560; x_wconf 80' lang='lat' dir='ltr'>Indulgentiae</span> <span class='ocrx_word' id='word_1_146' title='bbox 672 2477 746 2540; x_wconf 90' lang='lat' dir='ltr'>nihil</span> <span class='ocrx_word' id='word_1_147' title='bbox 768 2477 851 2539; x_wconf 85' lang='lat' dir='ltr'>aliud</span> <span class='ocrx_word' id='word_1_148' title='bbox 874 2485 954 2557; x_wconf 72' lang='lat' dir='ltr'>eunt,</span> <span class='ocrx_word' id='word_1_149' title='bbox 975 2496 1066 2557; x_wconf 88' lang='lat' dir='ltr'>quam</span> <span class='ocrx_word' id='word_1_150' title='bbox 1088 2475 1188 2537; x_wconf 86' lang='lat' dir='ltr'>relax·</span> 
     </span>
     <span class='ocr_line' id='line_1_24' title="bbox 266 2558 1192 2641; baseline 0 -20"><span class='ocrx_word' id='word_1_151' title='bbox 266 2562 329 2622; x_wconf 88' lang='lat' dir='ltr'>etio</span> <span class='ocrx_word' id='word_1_152' title='bbox 352 2580 493 2641; x_wconf 86' lang='lat' dir='ltr'>poenae,</span> <span class='ocrx_word' id='word_1_153' title='bbox 526 2562 650 2625; x_wconf 89' lang='lat' dir='ltr'>arbitrio</span> <span class='ocrx_word' id='word_1_154' title='bbox 683 2558 854 2624; x_wconf 87' lang='lat' dir='ltr'>sacerdotis</span> <span class='ocrx_word' id='word_1_155' title='bbox 876 2561 926 2623; x_wconf 88' lang='lat' dir='ltr'>vel</span> <span class='ocrx_word' id='word_1_156' title='bbox 943 2579 1095 2623; x_wconf 85' lang='lat' dir='ltr'>canonum</span> <span class='ocrx_word' id='word_1_157' title='bbox 1118 2578 1192 2641; x_wconf 91' lang='lat' dir='ltr'>pce·</span> 
     </span>
     <span class='ocr_line' id='line_1_25' title="bbox 266 2643 1187 2725; baseline 0.004 -22"><span class='ocrx_word' id='word_1_158' title='bbox 266 2644 475 2705; x_wconf 87' lang='lat' dir='ltr'>nitentialium</span> <span class='ocrx_word' id='word_1_159' title='bbox 497 2645 671 2725; x_wconf 83' lang='lat' dir='ltr'>impositae,</span> <span class='ocrx_word' id='word_1_160' title='bbox 694 2659 772 2725; x_wconf 91' lang='lat' dir='ltr'>quos</span> <span class='ocrx_word' id='word_1_161' title='bbox 794 2652 896 2705; x_wconf 89' lang='lat' dir='ltr'>tamen</span> <span class='ocrx_word' id='word_1_162' title='bbox 911 2643 1003 2706; x_wconf 89' lang='lat' dir='ltr'>etiam</span> <span class='ocrx_word' id='word_1_163' title='bbox 1024 2645 1092 2725; x_wconf 89' lang='lat' dir='ltr'>ipse</span> <span class='ocrx_word' id='word_1_164' title='bbox 1113 2644 1187 2707; x_wconf 81' lang='lat' dir='ltr'>tate-</span> 
     </span>
     <span class='ocr_line' id='line_1_26' title="bbox 265 2728 751 2807; baseline 0.004 -20"><span class='ocrx_word' id='word_1_165' title='bbox 265 2734 312 2787; x_wconf 88' lang='lat' dir='ltr'>tur</span> <span class='ocrx_word' id='word_1_166' title='bbox 333 2744 392 2807; x_wconf 90' lang='lat' dir='ltr'>per</span> <span class='ocrx_word' id='word_1_167' title='bbox 413 2745 475 2788; x_wconf 90' lang='lat' dir='ltr'>non</span> <span class='ocrx_word' id='word_1_168' title='bbox 498 2748 584 2788; x_wconf 90' lang='lat' dir='ltr'>usum</span> <span class='ocrx_word' id='word_1_169' title='bbox 607 2728 751 2790; x_wconf 89' lang='lat' dir='ltr'>abolitos.</span> 
     </span>
    </p>

    <p class='ocr_par' dir='ltr' id='par_1_7' title="bbox 264 2810 1191 3141">
     <span class='ocr_line' id='line_1_27' title="bbox 346 2810 1191 2891; baseline -0.001 -20"><span class='ocrx_word' id='word_1_170' title='bbox 346 2810 425 2871; x_wconf 88' lang='lat' dir='ltr'>Item</span> <span class='ocrx_word' id='word_1_171' title='bbox 465 2811 546 2873; x_wconf 89' lang='lat' dir='ltr'>circa</span> <span class='ocrx_word' id='word_1_172' title='bbox 575 2818 799 2873; x_wconf 89' lang='lat' dir='ltr'>sacramentnm</span> <span class='ocrx_word' id='word_1_173' title='bbox 834 2811 1044 2891; x_wconf 88' lang='lat' dir='ltr'>poenitentiae</span> <span class='ocrx_word' id='word_1_174' title='bbox 1072 2826 1191 2870; x_wconf 83' lang='lat' dir='ltr'>emeres</span> 
     </span>
     <span class='ocr_line' id='line_1_28' title="bbox 265 2892 1191 2977; baseline 0 -24"><span class='ocrx_word' id='word_1_175' title='bbox 265 2895 415 2973; x_wconf 84' lang='lat' dir='ltr'>seminat,</span> <span class='ocrx_word' id='word_1_176' title='bbox 437 2899 471 2954; x_wconf 91' lang='lat' dir='ltr'>ut</span> <span class='ocrx_word' id='word_1_177' title='bbox 492 2894 574 2973; x_wconf 89' lang='lat' dir='ltr'>quod</span> <span class='ocrx_word' id='word_1_178' title='bbox 597 2896 663 2956; x_wconf 90' lang='lat' dir='ltr'>sine</span> <span class='ocrx_word' id='word_1_179' title='bbox 684 2896 784 2977; x_wconf 85' lang='lat' dir='ltr'>gratie</span> <span class='ocrx_word' id='word_1_180' title='bbox 805 2894 874 2973; x_wconf 86' lang='lat' dir='ltr'>Dei,</span> <span class='ocrx_word' id='word_1_181' title='bbox 894 2894 994 2973; x_wconf 91' lang='lat' dir='ltr'>primo</span> <span class='ocrx_word' id='word_1_182' title='bbox 1016 2892 1191 2953; x_wconf 86' lang='lat' dir='ltr'>remittente</span> 
     </span>
     <span class='ocr_line' id='line_1_29' title="bbox 265 2973 1189 3058; baseline -0.001 -22"><span class='ocrx_word' id='word_1_183' title='bbox 265 2977 409 3058; x_wconf 84' lang='lat' dir='ltr'>culpem,</span> <span class='ocrx_word' id='word_1_184' title='bbox 443 2995 502 3037; x_wconf 91' lang='lat' dir='ltr'>nec</span> <span class='ocrx_word' id='word_1_185' title='bbox 524 2984 628 3039; x_wconf 83' lang='lat' dir='ltr'>votum</span> <span class='ocrx_word' id='word_1_186' title='bbox 650 2978 842 3039; x_wconf 88' lang='lat' dir='ltr'>remissionis</span> <span class='ocrx_word' id='word_1_187' title='bbox 864 2974 1059 3057; x_wconf 88' lang='lat' dir='ltr'>quaerendae</span> <span class='ocrx_word' id='word_1_188' title='bbox 1093 2973 1189 3035; x_wconf 92' lang='lat' dir='ltr'>homo</span> 
     </span>
     <span class='ocr_line' id='line_1_30' title="bbox 264 3058 545 3141; baseline 0.004 -22"><span class='ocrx_word' id='word_1_189' title='bbox 264 3058 380 3121; x_wconf 89' lang='lat' dir='ltr'>habere</span> <span class='ocrx_word' id='word_1_190' title='bbox 401 3065 515 3141; x_wconf 86' lang='lat' dir='ltr'>potest.</span> <span class='ocrx_word' id='word_1_191' title='bbox 542 3077 545 3089; x_wconf 91' lang='lat'><strong>·</strong></span> 
     </span>
    </p>

    <p class='ocr_par' dir='ltr' id='par_1_8' title="bbox 265 3141 1191 3472">
     <span class='ocr_line' id='line_1_31' title="bbox 345 3141 1189 3220; baseline -0.008 -17"><span class='ocrx_word' id='word_1_192' title='bbox 345 3142 425 3203; x_wconf 91' lang='lat' dir='ltr'>Item</span> <span class='ocrx_word' id='word_1_193' title='bbox 447 3143 602 3204; x_wconf 86' lang='lat' dir='ltr'>haeretice</span> <span class='ocrx_word' id='word_1_194' title='bbox 627 3146 675 3204; x_wconf 94' lang='lat' dir='ltr'>est</span> <span class='ocrx_word' id='word_1_195' title='bbox 704 3141 874 3220; x_wconf 81' lang='lat' dir='ltr'>sententie,</span> <span class='ocrx_word' id='word_1_196' title='bbox 907 3158 968 3219; x_wconf 90' lang='lat' dir='ltr'>qua</span> <span class='ocrx_word' id='word_1_197' title='bbox 997 3143 1189 3198; x_wconf 86' lang='lat' dir='ltr'>sacramenta</span> 
     </span>
     <span class='ocr_line' id='line_1_32' title="bbox 268 3219 1190 3307; baseline -0.005 -22"><span class='ocrx_word' id='word_1_198' title='bbox 268 3242 370 3287; x_wconf 83' lang='lat' dir='ltr'>novae</span> <span class='ocrx_word' id='word_1_199' title='bbox 394 3226 471 3307; x_wconf 86' lang='lat' dir='ltr'>legis</span> <span class='ocrx_word' id='word_1_200' title='bbox 494 3227 623 3305; x_wconf 86' lang='lat' dir='ltr'>gratiam</span> <span class='ocrx_word' id='word_1_201' title='bbox 636 3222 852 3287; x_wconf 84' lang='lat' dir='ltr'>iustificantem</span> <span class='ocrx_word' id='word_1_202' title='bbox 874 3222 947 3285; x_wconf 91' lang='lat' dir='ltr'>dare</span> <span class='ocrx_word' id='word_1_203' title='bbox 959 3221 1100 3282; x_wconf 91' lang='lat' dir='ltr'>dicuntur</span> <span class='ocrx_word' id='word_1_204' title='bbox 1120 3219 1190 3301; x_wconf 83' lang='lat' dir='ltr'>iilis,</span> 
     </span>
     <span class='ocr_line' id='line_1_33' title="bbox 269 3302 1191 3389; baseline -0.005 -20"><span class='ocrx_word' id='word_1_205' title='bbox 269 3311 316 3387; x_wconf 85' lang='lat' dir='ltr'>qni</span> <span class='ocrx_word' id='word_1_206' title='bbox 341 3327 408 3370; x_wconf 90' lang='lat' dir='ltr'>non</span> <span class='ocrx_word' id='word_1_207' title='bbox 430 3316 551 3389; x_wconf 92' lang='lat' dir='ltr'>ponunt</span> <span class='ocrx_word' id='word_1_208' title='bbox 573 3308 715 3389; x_wconf 77' lang='lat' dir='ltr'>obicem3</span> <span class='ocrx_word' id='word_1_209' title='bbox 737 3306 811 3369; x_wconf 86' lang='lat' dir='ltr'>alibi</span> <span class='ocrx_word' id='word_1_210' title='bbox 833 3308 894 3368; x_wconf 91' lang='lat' dir='ltr'>hoc</span> <span class='ocrx_word' id='word_1_211' title='bbox 916 3306 1007 3369; x_wconf 88' lang='lat' dir='ltr'>etiam</span> <span class='ocrx_word' id='word_1_212' title='bbox 1031 3302 1191 3387; x_wconf 81' lang='lat' dir='ltr'>eprIcsns</span> 
     </span>
     <span class='ocr_line' id='line_1_34' title="bbox 265 3390 532 3472; baseline 0.015 -23"><span class='ocrx_word' id='word_1_213' title='bbox 265 3390 300 3453; x_wconf 88' lang='lat' dir='ltr'>ds</span> <span class='ocrx_word' id='word_1_214' title='bbox 323 3392 491 3472; x_wconf 79' lang='lat' dir='ltr'>baptismo,</span> <span class='ocrx_word' id='word_1_215' title='bbox 530 3412 532 3417; x_wconf 74' lang='grc'>’</span> 
     </span>
    </p>

    <p class='ocr_par' dir='ltr' id='par_1_9' title="bbox 263 3469 1191 3971">
     <span class='ocr_line' id='line_1_35' title="bbox 348 3469 1190 3536; baseline -0.006 -1"><span class='ocrx_word' id='word_1_216' title='bbox 348 3474 440 3535; x_wconf 80' lang='lat' dir='ltr'>Circa</span> <span class='ocrx_word' id='word_1_217' title='bbox 461 3476 674 3536; x_wconf 86' lang='lat' dir='ltr'>contritionem</span> <span class='ocrx_word' id='word_1_218' title='bbox 697 3474 778 3535; x_wconf 89' lang='lat' dir='ltr'>istud</span> <span class='ocrx_word' id='word_1_219' title='bbox 798 3473 851 3535; x_wconf 88' lang='lat' dir='ltr'>dat</span> <span class='ocrx_word' id='word_1_220' title='bbox 864 3473 1041 3533; x_wconf 90' lang='lat' dir='ltr'>eonsilium:</span> <span class='ocrx_word' id='word_1_221' title='bbox 1064 3469 1190 3532; x_wconf 75' lang='lat' dir='ltr'>Confes-</span> 
     </span>
     <span class='ocr_line' id='line_1_36' title="bbox 265 3553 1189 3639; baseline -0.004 -23"><span class='ocrx_word' id='word_1_222' title='bbox 265 3574 350 3618; x_wconf 89' lang='lat' dir='ltr'>snrus</span> <span class='ocrx_word' id='word_1_223' title='bbox 373 3564 446 3619; x_wconf 88' lang='lat' dir='ltr'>ante</span> <span class='ocrx_word' id='word_1_224' title='bbox 467 3559 572 3619; x_wconf 87' lang='lat' dir='ltr'>omnis</span> <span class='ocrx_word' id='word_1_225' title='bbox 586 3564 686 3619; x_wconf 90' lang='lat' dir='ltr'>tecum</span> <span class='ocrx_word' id='word_1_226' title='bbox 705 3557 818 3639; x_wconf 79' lang='lat' dir='ltr'>cogita,</span> <span class='ocrx_word' id='word_1_227' title='bbox 841 3556 914 3637; x_wconf 90' lang='lat' dir='ltr'>quid</span> <span class='ocrx_word' id='word_1_228' title='bbox 929 3555 1057 3631; x_wconf 81' lang='lat' dir='ltr'>taceres,</span> <span class='ocrx_word' id='word_1_229' title='bbox 1080 3553 1105 3613; x_wconf 93' lang='lat' dir='ltr'>si</span> <span class='ocrx_word' id='word_1_230' title='bbox 1126 3571 1189 3627; x_wconf 83' lang='lat' dir='ltr'>non</span> 
     </span>
     <span class='ocr_line' id='line_1_37' title="bbox 264 3635 1191 3722; baseline -0.006 -22"><span class='ocrx_word' id='word_1_231' title='bbox 264 3649 344 3701; x_wconf 87' lang='lat' dir='ltr'>esset</span> <span class='ocrx_word' id='word_1_232' title='bbox 366 3647 565 3722; x_wconf 87' lang='lat' dir='ltr'>praeceptum</span> <span class='ocrx_word' id='word_1_233' title='bbox 589 3638 784 3701; x_wconf 85' lang='lat' dir='ltr'>confitendi?</span> <span class='ocrx_word' id='word_1_234' title='bbox 808 3646 900 3700; x_wconf 78' lang='lat' dir='ltr'>etan</span> <span class='ocrx_word' id='word_1_235' title='bbox 922 3638 1070 3699; x_wconf 85' lang='lat' dir='ltr'>sicetisru</span> <span class='ocrx_word' id='word_1_236' title='bbox 1094 3635 1191 3696; x_wconf 87' lang='lat' dir='ltr'>velles</span> 
     </span>
     <span class='ocr_line' id='line_1_38' title="bbox 265 3716 1191 3805; baseline -0.004 -22"><span class='ocrx_word' id='word_1_237' title='bbox 265 3723 419 3803; x_wconf 84' lang='lat' dir='ltr'>confiteri,</span> <span class='ocrx_word' id='word_1_238' title='bbox 453 3724 591 3803; x_wconf 82' lang='lat' dir='ltr'>conteri,</span> <span class='ocrx_word' id='word_1_239' title='bbox 613 3722 799 3805; x_wconf 85' lang='lat' dir='ltr'>poenitere?</span> <span class='ocrx_word' id='word_1_240' title='bbox 841 3720 932 3797; x_wconf 76' lang='lat' dir='ltr'>Quod</span> <span class='ocrx_word' id='word_1_241' title='bbox 962 3722 987 3780; x_wconf 89' lang='lat' dir='ltr'>si</span> <span class='ocrx_word' id='word_1_242' title='bbox 1011 3728 1041 3780; x_wconf 91' lang='lat' dir='ltr'>te</span> <span class='ocrx_word' id='word_1_243' title='bbox 1061 3738 1124 3779; x_wconf 88' lang='lat' dir='ltr'>non</span> <span class='ocrx_word' id='word_1_244' title='bbox 1147 3716 1191 3779; x_wconf 81' lang='lat' dir='ltr'>ita</span> 
     </span>
     <span class='ocr_line' id='line_1_39' title="bbox 263 3799 1189 3885; baseline -0.005 -19"><span class='ocrx_word' id='word_1_245' title='bbox 263 3806 393 3885; x_wconf 84' lang='lat' dir='ltr'>invenis,</span> <span class='ocrx_word' id='word_1_246' title='bbox 415 3808 477 3867; x_wconf 89' lang='lat' dir='ltr'>iam</span> <span class='ocrx_word' id='word_1_247' title='bbox 492 3809 570 3869; x_wconf 93' lang='lat' dir='ltr'>scito</span> <span class='ocrx_word' id='word_1_248' title='bbox 583 3814 686 3868; x_wconf 89' lang='lat' dir='ltr'>tenon</span> <span class='ocrx_word' id='word_1_249' title='bbox 702 3824 741 3867; x_wconf 85' lang='lat' dir='ltr'>ex</span> <span class='ocrx_word' id='word_1_250' title='bbox 756 3824 862 3867; x_wconf 86' lang='lat' dir='ltr'>emere</span> <span class='ocrx_word' id='word_1_251' title='bbox 873 3806 1018 3885; x_wconf 85' lang='lat' dir='ltr'>iustitiae,</span> <span class='ocrx_word' id='word_1_252' title='bbox 1039 3799 1093 3862; x_wconf 89' lang='lat' dir='ltr'>sed</span> <span class='ocrx_word' id='word_1_253' title='bbox 1116 3818 1189 3862; x_wconf 90' lang='lat' dir='ltr'>con-</span> 
     </span>
     <span class='ocr_line' id='line_1_40' title="bbox 267 3889 989 3971; baseline 0.001 -25"><span class='ocrx_word' id='word_1_254' title='bbox 267 3891 429 3951; x_wconf 87' lang='lat' dir='ltr'>suetudine</span> <span class='ocrx_word' id='word_1_255' title='bbox 454 3898 485 3951; x_wconf 92' lang='lat' dir='ltr'>et</span> <span class='ocrx_word' id='word_1_256' title='bbox 507 3892 617 3952; x_wconf 89' lang='lat' dir='ltr'>timore</span> <span class='ocrx_word' id='word_1_257' title='bbox 640 3890 798 3971; x_wconf 89' lang='lat' dir='ltr'>praecepti</span> <span class='ocrx_word' id='word_1_258' title='bbox 820 3889 989 3969; x_wconf 86' lang='lat' dir='ltr'>poenitere.</span> 
     </span>
    </p>

    <p class='ocr_par' dir='ltr' id='par_1_10' title="bbox 343 3964 1191 4053">
     <span class='ocr_line' id='line_1_41' title="bbox 343 3964 1191 4053; baseline -0.009 -18"><span class='ocrx_word' id='word_1_259' title='bbox 343 3976 437 4050; x_wconf 90' lang='lat' dir='ltr'>item,</span> <span class='ocrx_word' id='word_1_260' title='bbox 466 3974 548 4053; x_wconf 89' lang='lat' dir='ltr'>quod</span> <span class='ocrx_word' id='word_1_261' title='bbox 570 3972 667 4053; x_wconf 83' lang='lat' dir='ltr'>tides,</span> <span class='ocrx_word' id='word_1_262' title='bbox 695 3988 756 4052; x_wconf 88' lang='lat' dir='ltr'>qna</span> <span class='ocrx_word' id='word_1_263' title='bbox 777 3970 911 4032; x_wconf 89' lang='lat' dir='ltr'>ereditur</span> <span class='ocrx_word' id='word_1_264' title='bbox 931 3968 1056 4030; x_wconf 84' lang='lat' dir='ltr'>verbum</span> <span class='ocrx_word' id='word_1_265' title='bbox 1079 3964 1191 4028; x_wconf 79' lang='lat' dir='ltr'>Christi</span> 
     </span>
    </p>
   </div>
   <div class='ocr_carea' id='block_1_3' title="bbox 264 4051 1192 4199">
    <p class='ocr_par' dir='ltr' id='par_1_11' title="bbox 264 4051 1192 4199">
     <span class='ocr_line' id='line_1_42' title="bbox 264 4051 1192 4199; baseline -0.005 -85"><span class='ocrx_word' id='word_1_266' title='bbox 264 4072 387 4118; x_wconf 81' lang='lat' dir='ltr'>verum:</span> <span class='ocrx_word' id='word_1_267' title='bbox 416 4056 630 4136; x_wconf 75' lang='lat' dir='ltr'>Quodcunque</span> <span class='ocrx_word' id='word_1_268' title='bbox 657 4055 787 4117; x_wconf 85' lang='lat' dir='ltr'>solveris</span> <span class='ocrx_word' id='word_1_269' title='bbox 821 4061 878 4115; x_wconf 90' lang='lat' dir='ltr'>etc.</span> <span class='ocrx_word' id='word_1_270' title='bbox 907 4052 1005 4199; x_wconf 58' lang='lat' dir='ltr'>mppis</span> <span class='ocrx_word' id='word_1_271' title='bbox 1026 4051 1192 4130; x_wconf 78' lang='lat' dir='ltr'>requisitor</span> 
     </span>
    </p>
   </div>
   <div class='ocr_carea' id='block_1_4' title="bbox 0 0 1584 4792">
    <p class='ocr_par' dir='ltr' id='par_1_12' title="bbox 0 0 1584 4792">
     <span class='ocr_line' id='line_1_43' title="bbox 0 0 1584 4792; baseline 0 0"><span class='ocrx_word' id='word_1_272' title='bbox 0 0 1584 4792; x_wconf 95' lang='lat' dir='ltr'> </span> 
     </span>
    </p>
   </div>
  </div>
 </body>
</html>
