3159 4792
358 477 428 545 392.
668 476 883 549 liitputstioul).
900 476 983 531 lh

359 665 427 727 sive
447 663 582 725 iustitise
604 662 751 725 eoelestis
777 681 835 743 per
854 662 1015 743 Spiritum,
1048 663 1116 723 sive
1142 668 1285 723 terrente

383 768 416 810 er
438 756 587 808 naturam.
724 752 726 757 ’

360 769 380 829 p
421 832 471 895 31.
494 829 556 893 Sed
577 829 622 890 sie
642 828 820 889 diosudum:
848 828 918 910 ligo
947 828 1042 889 eredo
1064 830 1095 888 iu
1118 829 1284 905 Christum,

359 922 392 977 et
412 919 484 994 post
504 913 584 974 fseio
608 930 704 993 opere
724 910 810 973 bonu
830 913 861 971 iu
885 912 1006 973 Christo
1031 932 1113 976 vore.

421 999 470 1061 32.
499 996 596 1059 Reote
617 995 709 1075 igitur
730 994 857 1058 dieitur:
888 995 1048 1058 lustifloeri
1077 1015 1136 1057 uos
1160 1016 1201 1055 ex
1223 994 1284 1055 lide

359 1082 426 1142 sine
450 1078 594 1160 operibus
617 1078 704 1158 legis.
863 1129 866 1137 .
1023 1144 1027 1150 ⁴

422 1164 471 1227 33.
501 1160 591 1237 Quod
620 1159 776 1222 iustificari
806 1161 866 1221 ists
896 1160 1040 1237 includit,
1074 1160 1137 1223 lide
1166 1161 1287 1221 scilieet

362 1253 490 1326 propter
512 1244 665 1307 Christum
688 1245 821 1324 reputari
844 1264 902 1305 nos
924 1245 1032 1307 iustos.
1398 1243 1399 1246 ’

420 1329 470 1391 34.
492 1327 559 1389 Neo
579 1334 738 1407 peceatum
761 1325 867 1403 ullum,
890 1328 956 1393 sive
978 1328 1194 1407 praeteritum,
1218 1328 1284 1389 sive
1361 1369 1364 1377 ·

359 1411 507 1491 reliquum
530 1412 561 1471 in
584 1430 676 1471 estne
689 1429 828 1487 mouens,
849 1411 1002 1490 imputari,
1023 1410 1089 1489 sed,
1111 1410 1198 1471 velut
1219 1410 1285 1469 uul-

360 1494 421 1555 lum
445 1494 494 1573 sit,
515 1495 699 1554 remissione
720 1490 882 1575 iuteriml)
906 1492 984 1555 tolli.

421 1579 471 1643 35.
493 1576 582 1637 Hsuo
602 1575 694 1637 fidem
718 1577 881 1637 comitetur
900 1578 1021 1638 initium
1048 1584 1210 1637 creaturus
1231 1595 1284 1635 uo-

360 1679 428 1738 vse,
452 1666 484 1721 et
504 1679 609 1741 pugno
629 1666 737 1719 ooutrs
758 1660 859 1719 uernis
879 1666 1051 1739 peeeotum,
1072 1659 1156 1739 quod
1171 1658 1283 1719 eodem

329 1792 334 1797 .
359 1743 420 1804 fide
442 1743 555 1803 Christi
578 1749 609 1803 st
630 1743 801 1823 ignoscitur
823 1749 854 1804 et
877 1743 1016 1805 uincitur.

616 1889 761 2001 Quarto
788 1923 1022 2004 disputatio.

444 2044 471 2102 l.
494 2040 596 2102 Homo
619 2040 830 2102 iustificandos
852 2040 1033 2124 intelligitur
1054 2042 1150 2102 homo
1175 2061 1283 2122 peoos·

322 2160 323 2165 1
358 2134 416 2203 tor,
439 2142 458 2183 s
479 2124 614 2204 potestis
637 2125 700 2184 suis
718 2124 903 2186 liberandus.

439 2209 468 2269 2.
497 2206 568 2268 Nou
600 2209 680 2267 enim
714 2209 797 2268 souis
832 2210 1024 2269 necessarius
1058 2216 1106 2269 est
1135 2208 1285 2286 medieus,
1398 2215 1399 2218 ’

358 2292 436 2352 siout
457 2308 516 2351 uso
536 2292 623 2353 iustis
648 2310 726 2371 opus
749 2298 797 2351 est
817 2291 992 2353 liberatore.

440 2375 469 2437 3.
492 2374 615 2435 Certum
639 2375 731 2455 igitur
753 2381 811 2449 est,
832 2373 990 2435 homiuem
1013 2376 1076 2435 suis
1091 2375 1208 2433 meritis
1222 2394 1282 2435 uon

357 2474 451 2538 posse
474 2474 580 2519 eorem
603 2458 671 2517 Deo
692 2456 859 2517 iustificari.

440 2542 468 2601 4.
501 2538 582 2613 Quid
605 2540 686 2599 enim
709 2547 856 2619 peoostor
878 2540 941 2600 suis
969 2541 1101 2619 meritis,
1136 2540 1198 2601 hoe
1229 2540 1286 2618 est,
1398 2541 1399 2620 J

356 2622 494 2702 psooatis
529 2640 583 2682 seu
618 2622 761 2701 operibus
794 2624 968 2703 peccatoris
999 2631 1168 2685 mereretur
1202 2624 1284 2705 opud
1398 2687 1399 2696 χ

356 2703 476 2765 Deum?

437 2792 467 2853 5.
488 2786 820 2864 Ρεοοαιυω;τεάἰοα1θ,
842 2789 976 2870 espitsle
997 2794 1029 2851 et
1052 2810 1125 2851 vere
1150 2791 1283 2855 mortulo

356 2877 403 2932 est
424 2872 614 2950 inooguitum
638 2870 814 2932 homiuibus
835 2872 865 2932 iu
889 2875 1034 2935 universo
1059 2872 1185 2936 muodo.
1278 2875 1285 2879 ’

378 2948 383 2960 ’
438 2957 467 3019 6.
497 2952 620 3028 Quanto
658 2956 757 3015 miuus
789 2956 948 3035 cognitum
972 2974 1041 3017 esse
1063 2957 1165 3036 potuit
1185 2976 1283 3016 reme·

357 3037 441 3100 dium
464 3038 596 3116 pseusti,
619 3037 704 3097 ouius
726 3036 851 3098 morbus
872 3057 936 3099 non
958 3044 1025 3100 eret
1045 3040 1200 3119 cognitus.

438 3125 467 3184 7.
490 3119 598 3181 Nullus
621 3139 661 3181 ex
680 3120 824 3181 omuibus
840 3120 1019 3185 homiuibus
1030 3124 1170 3202 cogitare
1181 3124 1285 3203 potuit

354 3210 514 3282 peooetum
531 3200 634 3263 muudi
647 3222 727 3282 esse,
743 3222 806 3263 nou
820 3204 947 3265 eredere
962 3205 994 3266 iu
1009 3204 1162 3281 Christum
1177 3204 1281 3267 Iesum

356 3283 544 3347 oruoilixum.

435 3371 465 3431 8.
493 3364 562 3427 Hoo
594 3375 641 3427 est
677 3374 837 3448 peeostum
871 3369 1022 3449 originale
1056 3376 1128 3450 post
1159 3371 1282 3451 lapsum

354 3450 457 3529 Adae,
492 3448 581 3510 uobis
612 3451 782 3529 ingenitum
816 3457 848 3511 et
877 3471 941 3513 uon
964 3458 1080 3515 tontum
1103 3456 1282 3534 personale,
1398 3491 1399 3494 =

354 3534 410 3595 sed
433 3542 464 3595 et
485 3530 635 3595 naturale.
852 3605 853 3610 γ

436 3620 465 3681 9.
487 3616 557 3676 Nou
581 3613 710 3675 eredere
731 3617 762 3676 in
786 3615 942 3678 Christum
964 3627 1013 3679 est
1032 3618 1227 3681 incredulum
1252 3628 1283 3683 et

352 3700 493 3778 ignarum
516 3705 547 3759 et
567 3717 709 3759 aversum
733 3718 805 3759 esse
826 3720 846 3761 s
867 3700 946 3782 Deo,
968 3704 1020 3782 qui
1033 3703 1188 3770 Christum
1207 3724 1281 3787 pro-

353 3781 434 3840 misit
455 3781 653 3866 salvatorem.

424 3950 454 4013 1)
475 3949 507 4008 Iu
526 3952 569 4011 ed.
593 3954 678 4029 1er
697 3955 812 4029 iuteres.
