3159 4792
184 3972 193 3979 ,
247 3935 261 3975 0

365 475 430 545 422
681 476 999 549 omnemne.

366 749 584 811 Reoontiorum
624 749 856 811 commentaria
892 766 999 830 parum
1038 748 1096 811 eibi
1135 756 1288 825 constant,

365 832 476 892 alieubi
497 832 577 893 enim
601 852 692 913 pure,
715 832 828 893 alieubi
853 833 974 912 impuro
996 832 1122 894 modum
1144 831 1288 893 iustiliae·

706 917 800 978 tionie
821 916 955 1014 madunt.
1053 968 1057 975 .

552 1032 622 1093 Puri
646 1040 717 1095 eunt
738 1054 778 1095 ex
801 1034 903 1094 multia
925 1034 1018 1115 pauei
1040 1029 1099 1094 isti.

451 1153 478 1212 1.
506 1150 656 1213 Lutherus
673 1145 714 1213 'in
743 1152 935 1232 praefatione
955 1150 996 1211 ad
1016 1152 1177 1213 Romanoa
1200 1150 1289 1211 dicit:
1397 1179 1398 1224 3

367 1232 412 1297 (it
449 1233 518 1296 mitt
558 1234 696 1311 otfenbort
732 1238 830 1311 turma
859 1234 1049 1315 &magellum
1074 1233 1182 1299 ortae
1212 1233 1291 1309 Satn
1397 1265 1398 1296 ÷

368 1330 424 1379 eor
452 1315 575 1392 banarei
605 1319 671 1379 tiber
698 1318 750 1381 olle
780 1318 944 1396 attentam,
974 1335 1023 1381 om
1050 1319 1128 1397 ittet
1155 1319 1290 1397 gottlolen
1397 1309 1398 1394 Ῠ

368 1398 482 1478 illelom
505 1404 561 1463 aab
584 1400 732 1479 Untugeat
756 1401 860 1463 millen.
1397 1399 1398 1432 r

450 1486 478 1546 2.
505 1484 582 1543 ltem
616 1484 647 1543 in
680 1483 872 1563 praefatione
903 1483 935 1543 in
962 1482 1137 1563 Epistolam
1166 1483 1289 1545 Iaeobi:

368 1564 439 1631 itit
467 1574 498 1629 et
524 1567 575 1629 mit
603 1564 798 1641 attentata
827 1566 999 1643 auarioten,
1029 1569 1084 1629 too
1113 1567 1156 1629 tie
1178 1567 1291 1645 tipottrt

368 1649 419 1711 mit
440 1649 541 1729 {liciter
564 1668 611 1729 tur
631 1649 709 1713 orror
738 1650 903 1727 raetiam.
945 1648 1014 1709 Hae
1046 1650 1172 1711 nomine
1206 1650 1290 1710 dam-

368 1737 471 1809 natur,
495 1739 640 1812 tanquam
662 1750 726 1795 non
748 1734 788 1793 sit
809 1731 999 1811 apostoliae,
1021 1731 1127 1793 laeobi
1150 1734 1292 1813 epistola

450 1818 479 1879 3.
508 1815 541 1878 ln
577 1816 711 1895 epistola
745 1815 785 1877 ed
820 1816 979 1876 Romanoa
1017 1824 1167 1896 perpetrm
1203 1823 1292 1897 urget

368 1896 537 1977 Philippus,
558 1899 589 1957 in
614 1917 696 1959 novo
719 1898 920 1960 Testamento
943 1917 1013 1959 esee
1035 1898 1205 1980 urgendam
1228 1902 1291 1961 vio·

368 1978 515 2041 lationem
537 1981 616 2059 Filii,
639 2000 702 2043 non
725 1982 924 2043 violationem
947 1981 1034 2061 legis.
1072 2027 1075 2038 .

450 2064 479 2125 4.
502 2062 650 2125 Lutharue
672 2066 703 2125 in
725 2066 896 2125 summariis
918 2063 1127 2140 Psalmorum,
1151 2064 1291 2125 Psalmo:

369 2144 456 2208 Coeli
478 2154 622 2209 enarrant
642 2147 773 2228 gloriam
795 2147 870 2209 Dei:
914 2147 977 2210 nrt
1000 2148 1088 2210 tatuit
1115 2149 1178 2226 beot
1199 2166 1228 2211 et
1249 2168 1293 2227 pr:

370 2225 451 2307 peta
474 2230 524 2305 tul
546 2233 599 2295 tot
623 2234 678 2293 otte
700 2230 801 2309 (itriola,
818 2232 930 2305 metrica
953 2248 987 2293 rr.

450 2316 480 2377 5.
509 2312 550 2374 Et
575 2314 606 2375 in
628 2312 891 2375 Annotationibuo
918 2312 1040 2374 confert
1059 2313 1191 2393 gloriam
1215 2313 1291 2393 legia

370 2413 439 2455 eum
462 2397 640 2477 evangelio,
662 2396 842 2477 expendens
864 2396 1048 2477 diligenter,
1071 2415 1126 2456 aar
1147 2396 1228 2457 eoeli
1249 2416 1291 2457 re·

370 2476 475 2538 velent
497 2478 628 2559 gloriam
650 2480 717 2540 Dei.
752 2480 793 2540 Et
813 2481 894 2540 inter
916 2479 978 2540 alia
998 2480 1106 2558 inquit,
1128 2498 1197 2539 eum
1221 2480 1291 2541 doe

371 2559 450 2619 trina
471 2561 552 2642 legis
574 2563 677 2641 potius
697 2563 827 2643 gloriam
850 2563 1009 2623 hominum
1038 2567 1070 2623 at
1090 2564 1289 2642 ignominiam

369 2642 427 2703 Dei
449 2650 609 2723 operetur,
642 2645 775 2725 dumque
798 2665 854 2726 per
876 2664 972 2725 opera
993 2644 1071 2725 lagia
1093 2652 1148 2705 aut
1168 2645 1292 2727 superbi
1397 2643 1398 2706 ]

369 2734 576 2806 praesumunt,
599 2734 653 2788 aut
673 2728 830 2810 desperati
851 2728 949 2789 Deum
968 2727 1110 2806 oderunt,
1132 2728 1291 2789 eoelorum
1397 2735 1398 2766 r

369 2807 446 2869 haee
467 2816 515 2870 eet
536 2813 698 2875 enarratio.

453 2894 479 2957 6.
504 2894 580 2974 Cap.
602 2896 651 2961 40.
673 2894 749 2959 Ina:
786 2894 889 2959 Debet
909 2894 992 2954 anim
1013 2894 1066 2954 lex
1088 2911 1158 2954 aare
1179 2894 1293 2973 paeda·
1397 2913 1398 2982 ,

369 2992 468 3055 gogus
489 2978 636 3058 eorporis.
664 2978 773 3057 Atqui
795 2998 851 3058 per
874 2997 943 3039 eam
963 2977 1110 3037 iustitiam
1133 2985 1293 3056 quaerant,
1397 2999 1398 3058 l

370 3060 560 3120 mmtituunt
597 3080 664 3123 eam
699 3061 917 3142 paedagogum
952 3061 1170 3121 oonaoientiae.
1231 3059 1292 3121 sed
1397 3093 1398 3144 3

369 3158 460 3218 quam
492 3142 587 3224 longe
621 3145 742 3205 eoelum
779 3163 798 3205 a
832 3152 913 3205 terra
944 3151 1096 3205 remotum
1131 3149 1194 3218 att,
1229 3150 1291 3204 tam
1397 3169 1398 3190 1

369 3223 463 3304 longe
486 3225 587 3305 legem
611 3246 630 3289 a
652 3228 844 3289 eonscientia
865 3246 1011 3307 separare
1033 3226 1192 3289 debemus.
1397 3277 1398 3294 ,

451 3310 478 3370 7.
512 3312 602 3387 ltem,
633 3310 685 3370 lex
712 3308 870 3391 alliganda
898 3315 946 3371 ant
971 3309 1012 3370 ad
1043 3328 1154 3390 eorpus
1186 3317 1219 3370 et
1241 3330 1291 3370 ax-
1397 3339 1398 3344 ¹

369 3389 483 3452 teriora
503 3392 650 3472 membra,
673 3401 706 3454 ut
726 3393 904 3454 moderetur
924 3392 1205 3455 exterioraoffleia.
1235 3393 1292 3453 Hie
1397 3447 1398 3454 ,

265 3490 270 3496 ’
369 3472 445 3553 lagia
468 3493 558 3535 verus
581 3482 612 3537 et
633 3478 774 3557 proprius
797 3496 870 3537 unua
892 3483 948 3537 eat.
983 3476 1041 3551 Qui
1064 3484 1167 3537 autem
1190 3495 1231 3536 ea
1250 3476 1290 3537 ad
1397 3533 1398 3562 ,

368 3555 617 3620 iustifioationem
650 3567 790 3639 utuntur,
825 3559 991 3622 abutuntur
1019 3559 1090 3641 lege
1125 3559 1166 3620 ad
1203 3579 1289 3621 auam
1397 3603 1398 3650 1

369 3638 608 3703 damnationem.

717 3770 830 3851 Imperi
852 3772 932 3832 aunt.

452 3888 478 3946 1.
501 3884 534 3945 In
553 3886 737 3949 Vinitatione
751 3888 921 3949 Saxoniea:
945 3886 1025 3963 Quia
1048 3888 1186 3966 Christus
1208 3909 1289 3950 men·
1397 3871 1398 3878 ἵ

264 4000 266 4005 .
368 3963 422 4025 dal
442 3966 681 4046 praedicandam
704 3990 773 4031 esee
788 3971 1013 4053 poenitentiam
1028 3978 1060 4033 et
1074 3972 1288 4036 remissionem
