3159 4792
337 486 400 557 326
703 488 910 559 dispositiones

380 674 486 757 hunc!
506 675 588 737 diem
608 671 851 755 lvitemltergee
879 673 885 748 1
924 673 964 735 ll.
986 674 1023 737 D.
1046 671 1213 752 xxxvffl',
1234 674 1265 737 8.

360 760 473 820 ·'lituli
496 760 613 839 pagine
631 758 737 839 figuris
759 757 992 839 typographicis
1015 764 1062 817 est
1084 764 1202 819 ornate.
1229 757 1264 817 ln

339 916 409 961 esus
439 903 638 959 conservent:
682 914 744 955 uon
761 893 859 972 ›quod
883 891 1076 977 dubitemus,
1110 892 1265 953 Christum

339 987 591 1043 conservaturum
612 985 682 1039 esse
700 996 851 1056 sponsam
872 996 969 1054 suem,
992 994 1083 1055 quum
1106 976 1265 1055 usquead

339 1072 446 1126 nostre
467 1070 609 1142 tempora
630 1060 809 1121 mirabiliter
829 1067 860 1121 ct
870 1061 1098 1139 omnipotenter
1118 1060 1266 1136 servavit,
1344 1076 1347 1079 ·

340 1147 396 1210 sed
424 1166 465 1207 ue
490 1146 603 1223 (veluti
629 1146 671 1204 sit
696 1150 836 1204 mortuus
859 1142 978 1222 'Setsnl
1009 1143 1106 1206 securi
1137 1143 1265 1203 nimium

341 1229 465 1311 quidem
483 1228 579 1305 litent,⁴
612 1228 663 1307 qui
685 1236 749 1286 turn
770 1226 829 1287 sibi
851 1226 994 1287 videntur
1016 1226 1151 1285 maxime
1169 1226 1266 1285 eccle-

340 1316 416 1374 sicm
439 1312 650 1392 promovisse,
683 1329 752 1369 cunr
784 1329 852 1369 eem
874 1309 999 1389 optimis
1032 1309 1094 1369 suis
1128 1308 1267 1369 consiliis

347 1398 410 1468 (uti
429 1394 600 1475 putebant)
621 1392 909 1473 pessumdederint·
941 1393 1037 1452 etita
1061 1410 1125 1452 non
1147 1398 1266 1453 tentum

340 1478 505 1540 ecclesiam
539 1478 697 1537 emiserint
725 1477 824 1556 (quae
857 1494 914 1535 suo
947 1474 1076 1555 ·Sponso
1113 1474 1209 1535 stcbit
1234 1476 1266 1534 in

340 1570 500 1622 oeternum
521 1567 632 1621 contr-s
652 1578 766 1619 omnes·
783 1564 890 1639 portes
913 1558 1002 1619 interi
1024 1557 1177 1642 invicte),
1212 1558 1267 1617 sed

340 1647 433 1706 etiem
461 1644 553 1704 elios·
573 1642 689 1705 multos
706 1661 823 1703 secum
840 1642 876 1700 in
899 1640 1074 1701 barathrum
1107 1644 1267 1720 traxerint,
1380 1658 1382 1661 ·

341 1734 508 1807 antequem
530 1727 676 1806 putarint,
694 1726 775 1785 sicut
794 1724 927 1803 -eontigit
947 1725 1039 1783 etism
1070 1724 1132 1785 hoc
1152 1724 1266 1785 decen·

340 1812 393 1872 nio
414 1810 538 1889 magnis
566 1810 657 1884 viris,
692 1827 806 1887 magno
827 1806 936 1868 dolore
964 1813 1078 1869 nosue
1103 1813 1134 1868 et
1155 1808 1268 1869 frustra

340 1893 430 1955 nobis
446 1892 676 1958 miserentibus.

423 1976 485 2035 Res
508 1981 556 2035 cst
576 1974 666 2049 seria,
688 1992 768 2052 quse
785 1974 894 2053 egitur,
915 1974 978 2033 imo
1000 1986 1050 2032 res
1072 1980 1269 2051 estseternc,

341 2060 409 2119 sive
428 2057 470 2118 cd
487 2064 616 2118 mortem
639 2058 705 2117 sive
725 2056 766 2116 sd
788 2057 898 2133 vitem,
933 2074 1012 2134 quoe
1034 2056 1100 2117 istis
1123 2055 1268 2137 Peoposi-

342 2140 480 2203 tionibus
509 2143 679 2209 tractetur‚·
709 2158 829 2199 summo
864 2140 974 2199 timore
996 2138 1053 2198 Dei
1084 2140 1269 2220 attingenda

342 2226 463 2289 etiem.'
488 2223 530 2284 Et
550 2223 644 2284 utcd
667 2224 746 2298 ulie,
772 2241 853 2301 quse
877 2228 970 2283 entes
988 2240 1048 2301 per
1071 2242 1129 2283 nos
1150 2224 1269 2303 scripto

341 2314 429 2386 sont,
467 2326 564 2386 punse
585 2306 748 2367 videantur
776 2306 927 2383 fortasse,
960 2310 1064 2364 temen
1092 2306 1269 2388 fragmenta

341 2396 413 2451 suut
433 2389 632 2469 evangelico,
655 2408 753 2467 quae,
776 2390 855 2451 sicut
876 2387 1014 2450 Christus
1036 2389 1179 2469 loquitur,
1202 2390 1267 2450 col·

342 2472 470 2555 ligende
492 2478 573 2548 sunt,
594 2479 801 2551 neperesnt:
830 2479 902 2532 eunt
922 2472 1003 2533 enim
1028 2472 1060 2531 iu
1078 2472 1128 2533 his
1151 2474 1268 2553 Propo-

341 2554 502 2615 sitiouibus
524 2554 643 2615 articuli
671 2555 856 2635 principales
876 2554 1038 2633 Evangelii
1060 2556 1090 2615 iu
1114 2574 1266 2616 summam

341 2638 458 2713 coacti,
493 2638 562 2698 sine
584 2637 692 2716 quibus
714 2657 791 2697 vere*
817 2636 982 2698 intellectis
1004 2644 1036 2698 et
1056 2656 1132 2717 pure
1154 2647 1267 2699 trecte-

342 2722 380 2780 tis
402 2720 535 2780 ecclesie
556 2720 668 2781 Christi
702 2740 763 2779 non
793 2726 899 2803 potest
924 2719 1101 2781 subsistere.
1143 2722 1183 2783 Et
1204 2722 1266 2781 nisi

341 2804 453 2865 virtute
475 2804 705 2883 omnipotentie
723 2803 805 2863 illius
827 2804 894 2863 Filii
917 2803 974 2863 Dei
996 2810 1029 2863 et
1048 2804 1187 2866 Hominis
1209 2824 1268 2885 per

340 2906 394 2948 ess
416 2886 565 2947 hectenus
587 2886 774 2947 substitisset
796 2893 827 2947 et
849 2892 971 2947 servata
992 2886 1114 2965 suisset,
1143 2888 1182 2949 ed
1205 2902 1266 2949 nos

340 2968 427 3031 nullo
450 2969 544 3031 modo
565 2971 795 3050 pervenissent,
817 2968 872 3031 sed
889 2975 961 3031 ente
982 2970 1066 3031 mille
1088 2990 1186 3033 conos
1209 2991 1268 3051 per

340 3060 447 3134 portes
468 3054 635 3114 inferorum
657 3054 800 3113 exstincti
822 3054 960 3114 fuissent.

425 3136 664 3197 Commendetes
692 3155 768 3217 ergo
804 3135 919 3197 hebeat
946 3136 1002 3195 hes
1030 3137 1266 3217 Propositiones

340 3218 473 3298 Philippi
500 3219 747 3290 Melanthonis1)
779 3220 913 3279 ecclesie
938 3218 995 3279 Dei
1028 3220 1130 3299 (quod
1164 3220 1266 3280 libens

340 3297 449 3383 faciet)
475 3302 645 3381 etreliqua
672 3304 836 3381 posteritas
864 3320 986 3381 quoque
1010 3304 1055 3379 (si
1077 3303 1179 3378 volet)
1213 3305 1268 3364 vel

339 3383 487 3444 historiae
508 3403 611 3449 cause.
637 3384 715 3460 Qui
734 3405 812 3446 vcro
835 3384 952 3465 oderit,
975 3385 1076 3465 odiet,
1098 3388 1152 3465 qui
1175 3388 1267 3470 perit,

340 3474 462 3546 pereat,
500 3466 638 3529 Christus
659 3470 749 3529 lesus
778 3469 856 3529 vivit
892 3473 923 3529 ct
952 3475 1061 3549 regnet
1081 3486 1137 3549 per
1159 3471 1268 3531 seculo.

341 3550 525 3628 seculorum,
548 3552 609 3630 qui*
620 3551 729 3614 reddet
739 3550 935 3613 credentibus
947 3552 978 3611 in
992 3570 1072 3629 eum,
1095 3552 1181 3631 quod
1193 3572 1267 3634 pro-

340 3633 438 3775 mta
453 3641 486 3694 et
504 3632 679 3712 incredulis,
703 3633 787 3713 quod
800 3636 933 3755 nicetus
954 3642 1011 3713 est,
1033 3636 1082 3695 cui
1102 3636 1265 3719 sitglorie.

368 3831 371 3835 -
443 3799 554 3858 Datum
583 3799 823 3880 Vuitembergse
853 3800 983 3862 (telend.
1016 3802 1127 3865 tenua.
1171 3804 1266 3867 Anno

338 3879 379 3939 Μ.
402 3880 440 3941 D.
461 3880 656 3959 XXXllll2).
821 3881 824 3886 ’
1195 3914 1198 3919 ’

377 4033 381 4047 .
413 3987 446 4053 1)
464 3990 497 4044 ln
508 3990 576 4045 editt
586 3992 701 4058 Propos.
712 3990 784 4051 1534
797 3990 1005 4047 desuutverbe:
1028 3989 1148 4059 Philippi
1163 3991 1267 4045 lielen-

341 4058 444 4111 thonis.
463 4058 494 4125 2)
511 4061 617 4116 ibidem
634 4062 734 4115 desunt
749 4063 848 4117 verbe:
866 4061 969 4116 Detum
979 4064 1195 4133 Vuitembergse
1213 4068 1266 4123 eu.
