3159 4792
552 540 604 595 pro
617 524 824 579 Laborantibun
843 522 1026 577 moneretis.
1210 517 1253 585 93

315 718 456 793 petant,
482 713 507 772 si
526 729 589 772 non
609 713 677 795 ipse
699 711 850 790 obstaret,
877 730 915 772 ec
937 712 962 771 ei
984 708 1081 771 dicat:
1103 708 1198 771 Satan
1221 715 1253 770 ct

332 797 428 857 cahos
454 797 602 857 malorum
626 797 744 877 expetit
765 804 810 872 te,
845 800 878 853 ut
900 793 1012 855 cribret
1033 800 1079 872 te,
1115 792 1171 853 sed
1192 810 1251 873 ego

332 880 423 960 posui
446 880 608 939 terminum
631 882 739 956 maris,
762 888 794 939 et
816 878 878 937 dixi
900 878 944 937 ei:
976 878 1045 937 Huc
1072 877 1254 956 pervenient

333 968 364 1023 et
385 963 619 1045 confringentur
639 970 791 1023 tumentes
813 960 923 1022 fluctus
945 962 1004 1039 tui,
1027 962 1106 1020 sicut
1127 959 1201 1019 dicit
1220 960 1253 1018 in

332 1045 395 1107 lob.
420 1046 469 1110 38.
916 1104 920 1112 s

416 1130 530 1189 Verum
555 1136 633 1208 esto,
655 1130 771 1189 nullum
796 1147 902 1188 eorum
925 1128 965 1187 eit
981 1133 1142 1187 venturum
1163 1127 1252 1202 forte,

333 1214 379 1272 sic
400 1212 468 1273 Deo
491 1212 625 1290 volente,
649 1212 758 1272 saltem
779 1210 870 1288 illud,
897 1210 979 1289 quod
1013 1212 1149 1269 omnium
1171 1210 1254 1269 terri·

334 1294 439 1355 biliam
462 1297 628 1358 maximum
652 1296 778 1372 dicitur,
814 1295 933 1353 scilicet
970 1312 1052 1354 mors
1085 1294 1254 1353 certissime

334 1379 435 1439 bitere
456 1385 513 1457 eet,
537 1387 567 1439 et
588 1379 663 1439 nihil
684 1379 829 1439 incertius
851 1378 927 1437 bora
949 1378 1024 1437 eius.
1068 1375 1157 1451 Quod
1180 1392 1255 1435 sane

335 1462 448 1521 melum
472 1470 589 1521 tantum
620 1470 680 1539 est,
718 1469 752 1521 ut
777 1460 935 1521 videamus
968 1460 1081 1521 multoe
1114 1460 1254 1519 homines

336 1547 428 1605 etiam
453 1565 521 1607 cum
546 1545 687 1605 omnibus
718 1544 882 1625 praedictis
913 1544 1004 1607 malie
1030 1544 1121 1602 malle
1143 1544 1255 1618 vivere,

337 1647 429 1708 qnam
452 1628 514 1688 illis
536 1627 628 1689 linitis
651 1611 748 1689 semei
770 1629 857 1689 mori.
884 1630 987 1705 Atque
1009 1627 1081 1685 huic
1103 1628 1164 1701 uni,
1187 1644 1255 1685 cum

336 1718 441 1772 cetera
474 1718 666 1791 contemnet,
698 1710 854 1791 Scriptura
886 1728 1009 1789 quoque
1041 1708 1257 1769 accommodat

336 1796 479 1856 timorem
508 1794 614 1855 dicens
628 1796 681 1871 *):
726 1794 898 1854 Memorare
929 1794 1098 1853 novissima
1124 1798 1191 1869 tua,
1224 1797 1257 1851 et

337 1879 368 1938 in
391 1882 550 1938 aeternum
573 1896 636 1939 non
652 1876 811 1957 peccabis.
854 1877 921 1936 Huc
942 1875 1026 1955 vide,
1059 1882 1135 1955 quot
1161 1874 1254 1935 medi

334 1962 488 2039 tationes,
511 1969 587 2041 quet
608 1962 690 2040 libri,
717 1968 795 2040 quot
814 1958 913 2038 modi,
941 1966 1018 2039 quot
1037 1958 1174 2019 remedie
1196 1960 1257 2018 sint

337 2052 498 2126 congesta,
520 2052 553 2104 nt
572 2044 631 2105 hac
652 2046 740 2104 unius
771 2044 842 2104 mali
866 2044 1012 2103 memoria
1033 2043 1168 2122 peccabo
1190 2042 1256 2103 abs

338 2136 483 2207 terreant,
506 2127 650 2188 mundum
672 2127 934 2207 contemptibilem
949 2127 1073 2204 faciant,
1094 2127 1257 2205 passiones

339 2219 370 2272 et
392 2211 475 2270 melu
497 2212 645 2272 allevient
667 2218 697 2271 et
719 2210 880 2271 tribulatos
902 2209 1110 2288 consolentur,
1134 2227 1255 2289 compa-

338 2296 459 2356 ratione
481 2301 543 2354 tam
566 2294 718 2356 horribilis
742 2302 773 2353 et
794 2294 915 2374 magni,
942 2292 996 2352 sed
1018 2293 1183 2372 aliqnando
1206 2312 1256 2352 ne·
1343 2351 1346 2360 ,

340 2379 468 2439 cesserii
490 2378 570 2437 mali.
600 2378 698 2437 Nemo
722 2386 779 2456 est,
801 2379 851 2457 qui
865 2395 927 2437 non
942 2373 1047 2438 omnia
1069 2376 1151 2435 mala
1171 2382 1259 2454 optet

217 2466 221 2479 ⁸
338 2461 451 2537 subi-re,
474 2462 500 2519 si
522 2480 577 2541 per
598 2480 636 2521 ea
657 2461 765 2521 liceret
791 2470 822 2520 et
843 2461 952 2521 mortis
979 2459 1090 2518 maium
1115 2459 1257 2518 evadere.

338 2543 408 2605 Hoc
420 2544 525 2605 Sancti
546 2562 669 2623 quoque
691 2547 864 2621 timuerunt,
885 2542 1161 2617 hocObmstue³*)
1189 2557 1258 2601 anm

337 2646 456 2708 pavore
478 2635 510 2687 et
532 2628 702 2707 sanguineo
725 2628 837 2687 sudore
859 2627 987 2703 subivit,
1015 2626 1058 2685 ita
1093 2631 1125 2685 ut
1146 2625 1260 2685 miseri·

337 2711 444 2772 cordia
457 2710 654 2772 divinanullo
669 2712 786 2771 maiore
796 2712 922 2791 negotio
929 2709 1258 2790 curaritpusillenimes

337 2794 525 2873 confortare,
548 2812 640 2873 quam
662 2796 694 2853 in
716 2794 777 2855 boo
797 2794 895 2871 malo,
924 2799 958 2853 ut
979 2793 1150 2854 videbimus
1171 2793 1257 2854 inira.

423 2876 634 2938 Haec'omnia
655 2896 728 2938 vero
752 2877 1020 2938 communissent
1042 2874 1184 2936 omnibus
1206 2878 1257 2937 bo

339 2960 483 3037 minibus,
507 2962 586 3021 sicut
606 2967 637 3020 et
658 2962 834 3022 communia
855 2960 962 3020 salutis
976 2958 1128 3020 beneficia
1148 2962 1179 3018 in
1202 2961 1259 3019 eis·

338 3046 409 3105 dem
436 3044 532 3106 malis.
589 3044 730 3105 Ceterum
761 3044 941 3103 Christianis
977 3061 1061 3101 nova
1091 3059 1186 3100 causa
1212 3051 1260 3101 est

338 3127 469 3189 timendi
501 3128 591 3187 futuri
625 3129 697 3187 mali
720 3136 753 3187 et*
772 3128 911 3207 propria,
949 3143 1028 3205 quae
1051 3127 1156 3185 omnio
1177 3125 1260 3185 mala

338 3212 499 3293 praedicta
520 3209 609 3271 iaeile
632 3218 764 3291 superet.
799 3211 885 3271 Haec
906 3216 962 3289 est,
986 3228 1078 3289 qnam
1099 3208 1259 3288 apostolus

339 3297 449 3375 pingit,
475 3298 501 3356 l.
525 3294 596 3357 Cor.
622 3296 669 3359 102
693 3294 814 3355 dicens:
842 3293 902 3368 Qui
925 3300 1003 3372 stet,
1026 3292 1189 3353 videatne
1211 3309 1260 3352 ca-

341 3379 402 3439 dat.
471 3376 559 3437 Adeo
602 3377 719 3439 lubrice
761 3380 812 3438 via
844 3385 906 3455 est,
948 3377 1027 3438 adeo
1060 3384 1171 3458 potens
1214 3383 1262 3437 ast

339 3462 439 3521 hostis
472 3465 606 3547 armatus
639 3462 751 3522 nostris
786 3462 916 3542 propriis
953 3461 1085 3539 viribus,
1122 3459 1169 3541 (id
1204 3467 1260 3537 eet,

341 3546 442 3605 carnis
465 3551 497 3605 et
519 3546 653 3605 omnium
676 3542 873 3605 affectionum
898 3544 1045 3605 malarum
1070 3544 1260 3625 praesidiis),

341 3630 472 3709 stipatus
493 3628 619 3688 infinitis
641 3627 746 3690 muudi
768 3630 883 3707 copiis,
906 3627 1024 3689 deliciis
1047 3639 1077 3687 et
1099 3628 1260 3707 voluptati-

341 3712 400 3775 bus
421 3732 441 3771 a
464 3710 589 3788 dextra,
627 3712 842 3791 asperitatibus
864 3720 896 3773 et
917 3713 1075 3772 hominum
1098 3711 1186 3771 malis
1208 3731 1260 3772 vo·
1286 3783 1288 3790 Ι

341 3795 509 3858 tentatibus
531 3814 552 3855 a
572 3796 705 3873 sinistra,
721 3803 844 3874 praeter
864 3815 943 3874 eam,
966 3813 1026 3874 qna
1047 3797 1114 3875 ipse
1135 3796 1261 3857 instrue

342 3880 477 3939 tissimus
500 3886 548 3938 est
568 3878 651 3938 mille
674 3878 948 3954 modis'nocendi‚
982 3878 1166 3955 seducendi,
1196 3899 1261 3959 per-

416 4068 443 4133 ⁸)
464 4068 560 4121 Sirach
579 4068 605 4123 7.
644 4067 692 4138 *‘)
715 4071 803 4121 Lucae
822 4068 866 4123 22.
