3159 4792
382 514 448 581 160
566 494 571 501 ’
615 515 725 569 Teanam
746 512 859 569 Consul
876 513 912 601 D.
930 514 965 567 ll.
983 513 1095 570 Lntheri

383 710 530 786 pensator
548 724 625 782 sum,
648 702 703 763 ssd
725 702 822 763 vehor
842 703 875 763 in
897 702 961 761 eius
983 701 1107 779 iustitia,
1131 698 1305 780 quaemihi

384 788 456 849 data
472 792 528 848 ast.
559 783 737 849 Immundus
760 806 838 865 sum,
861 784 917 845 sed
939 782 1141 845 sanetifieatio
1166 801 1236 843 mea
1258 788 1307 845 est

385 891 441 932 sua
467 868 629 947 sanctitas,
658 870 690 929 in
718 889 778 949 qua
802 869 937 929 suaviter
959 867 1063 928 vehor.
1107 866 1223 929 Stultus
1245 884 1306 946 ego

384 974 461 1033 snm,
484 952 539 1013 sed
561 954 713 1033 sapientia
734 953 801 1013 eius
821 951 906 1013 uehit
928 970 987 1012 me.
1016 950 1208 1012 Damnabilis
1228 969 1308 1025 sum,

384 1037 439 1099 sed
465 1036 589 1099 libertas
618 1038 682 1097 eius
713 1035 886 1115 redemptio
909 1054 979 1095 mea
1000 1041 1048 1094 est
1067 1033 1238 1114 plaustrum
1261 1051 1308 1093 se

386 1121 593 1182 durissimum:
625 1121 669 1179 ile
696 1128 729 1179 ut
759 1119 949 1180 Christianus
987 1116 1098 1191 [modo
1124 1116 1158 1176 id
1183 1116 1308 1193 eredat)

386 1202 426 1269 da
448 1204 564 1264 meritis
580 1202 698 1265 Christi
716 1209 747 1263 et
768 1200 911 1263 omnibus
933 1201 998 1261 eius
1021 1200 1111 1261 bonis
1132 1218 1196 1260 non
1219 1199 1310 1259 aliter

386 1293 481 1366 queat
500 1285 641 1366 gloriari,
671 1305 762 1365 quam
784 1287 809 1345 si
830 1287 963 1365 ipsemet
983 1303 1023 1343 ea
1041 1283 1175 1343 lenisset
1217 1281 1309 1342 Adeo
1401 1331 1402 1334 ,

282 1416 284 1420 ,
385 1376 456 1433 sunt
483 1372 549 1431 eius
576 1370 716 1449 propria,
748 1370 792 1429 ita
821 1375 855 1427 ut
884 1369 945 1427 iam
975 1385 1099 1427 securus
1129 1367 1222 1426 etiam
1251 1366 1309 1425 Dei

384 1452 530 1515 iudicium
553 1459 734 1532 exspectare
756 1451 886 1529 audeat,
916 1449 1000 1529 quod
1030 1457 1133 1511 tamen
1155 1451 1309 1509 insusten-

385 1536 479 1603 tabile
501 1541 556 1599 est.

469 1618 569 1679 Tanta
595 1635 644 1678 res
674 1622 722 1678 est
748 1616 844 1695 fides,
875 1618 961 1676 tanta
990 1615 1072 1676 bona
1102 1615 1192 1676 nobis
1220 1614 1312 1693 parit,

387 1708 450 1763 tam
466 1702 622 1782 gloriosos
637 1700 695 1761 Dei
717 1698 799 1760 filios
821 1700 989 1761 eonstituit.
1021 1698 1130 1778 Neque
1151 1698 1234 1757 enim
1257 1696 1311 1757 filii

387 1804 457 1845 esse
495 1803 676 1865 pessumus,
716 1783 775 1843 nisi
808 1790 938 1863 paterna
976 1782 1059 1842 hona
1092 1780 1311 1842 hereditemua.

387 1868 481 1929 Dieat
503 1886 577 1947 ergo
601 1866 792 1929 Christianus
816 1884 884 1925 euru
907 1864 1034 1925 fiducia:
1077 1864 1137 1927 Uhi
1158 1871 1206 1925 eat
1226 1881 1312 1924 mors

388 1952 516 2017 viatoria
543 1948 616 2011 tua?
648 1948 700 2010 ubi
729 1956 776 2009 est
802 1968 885 2016 mors
916 1948 1056 2008 stimulus
1085 1955 1171 2026 tuus,
1201 1945 1234 2006 id
1265 1953 1314 2006 est

388 2032 572 2114 peceatum?
602 2031 748 2094 Stimulus
766 2033 848 2093 euim
860 2032 970 2092 mortis
992 2037 1154 2111 pennatum
1176 2037 1233 2108 est,
1256 2031 1312 2090 vir·
1401 2033 1402 2038 ’

388 2124 436 2178 tus
459 2122 562 2177 aulem
585 2116 706 2195 pennati
727 2114 788 2175 lex.
833 2114 900 2175 Dee
923 2120 1026 2174 autem
1048 2116 1165 2195 gratie,
1186 2114 1239 2191 qui
1262 2112 1312 2173 de·

388 2199 433 2261 dit
459 2198 548 2261 nubis
578 2199 736 2259 victoriam
764 2217 821 2277 per
847 2197 949 2258 lesum
970 2197 1122 2258 Christum
1144 2197 1311 2257 Dominum

389 2288 538 2343 nostrum.
572 2281 641 2343 Hae
662 2290 719 2359 est,
740 2282 793 2341 lex
815 2281 889 2341 feeit
909 2299 967 2341 nos
988 2287 1181 2361 peecatorea,
1203 2297 1313 2360 peeea·

257 2404 272 2431 ι
389 2376 452 2427 tum
483 2366 641 2428 faeitnos
667 2383 739 2425 reos
768 2365 885 2426 mortis.
928 2362 1003 2438 Quis
1033 2364 1112 2425 haee
1133 2364 1195 2423 duo
1218 2362 1313 2422 visit?
1401 2375 1402 2384 ¹

388 2450 502 2509 Nostra
517 2448 652 2509 iustitia?
675 2454 780 2508 nostra
801 2447 885 2507 vita?
908 2466 981 2525 non,
1004 2447 1060 2507 sed
1072 2447 1157 2507 Iesus
1170 2444 1313 2509 Christus

390 2538 529 2593 amunte
551 2549 729 2611 resurgens,
761 2536 921 2610 peceatum
945 2539 977 2590 et
999 2539 1128 2591 mortem
1150 2529 1313 2607 damnans,

293 2665 295 2668 .
390 2634 478 2675 auam
501 2614 647 2678 iustitiam
670 2613 760 2676 nobis
782 2615 979 2693 impartiens,
1007 2633 1064 2673 sua
1091 2613 1202 2675 merita
1222 2612 1313 2675 nobis

389 2697 527 2777 donans,
559 2716 645 2757 suam
665 2688 789 2757 mandm
810 2716 903 2775 super
923 2716 982 2757 nos
1006 2716 1145 2778 ponens,
1174 2703 1206 2755 et
1233 2696 1314 2756 bene

389 2780 548 2858 habemus,
571 2786 603 2841 et
615 2780 715 2861 legem
737 2780 911 2860 implemus,
934 2787 965 2840 et
985 2787 1146 2859 peceatum
1168 2785 1314 2840 mortem-

390 2882 450 2942 que
472 2882 660 2943 auperamus.
704 2864 751 2924 De
773 2882 835 2943 qno
859 2864 900 2924 sit
919 2864 1036 2941 honor,
1058 2864 1126 2924 laus
1148 2869 1180 2924 et
1200 2863 1313 2943 gratia·

334 2956 340 2967 ‘
391 2966 456 3013 rum
479 2948 561 3009 aetio
584 2947 706 3010 Dedin
729 2946 835 3007 seeula
855 2946 1039 3007 seculorum.
1066 2947 1177 3007 Amen.

475 3030 544 3095 Hos
570 3050 645 3111 ergo
671 3029 881 3111 speetaeulum
899 3049 1092 3110 supremum,
1114 3031 1146 3089 in
1168 3048 1230 3108 quo
1252 3030 1315 3088 iam

391 3132 455 3175 nou
484 3114 579 3175 modu
608 3134 700 3193 supra
734 3113 817 3175 mala
851 3119 972 3191 nostra,
1008 3113 1064 3173 sed
1095 3115 1187 3174 etiam
1220 3130 1316 3191 supra

391 3197 475 3259 bona
496 3204 601 3259 nostra
625 3197 737 3258 elevati
759 3214 880 3275 sumus,
903 3202 935 3257 et
957 3195 1101 3257 sedemus
1122 3198 1184 3257 iam
1205 3196 1238 3255 in
1259 3192 1316 3254 ho·
1401 3219 1402 3222 ¹

391 3364 422 3426 in
445 3362 543 3439 malis,
565 3363 666 3425 alieno
690 3370 820 3442 peceato
842 3363 1038 3442 conquisitis,
1059 3370 1092 3423 et
1112 3369 1219 3424 nostro
1243 3380 1315 3421 aua

390 3447 440 3509 tis.
484 3444 642 3523 Sedemus,
663 3445 805 3525 inquam,
827 3448 996 3507 iniustitia
1019 3446 1141 3524 Christi,
1164 3464 1226 3525 qua
1246 3444 1316 3524 ipse

389 3530 488 3591 iustue
514 3534 576 3603 eat,
607 3530 678 3607 quia
705 3530 776 3589 huie
803 3548 861 3589 nos
890 3529 1108 3608 adhaeremus,
1139 3548 1195 3609 per
1222 3546 1315 3607 quam

391 3614 458 3692 ipse
483 3612 550 3673 Deo
572 3611 684 3692 planet,
711 3618 742 3671 et
762 3631 819 3691 pro
841 3613 930 3674 nabis
952 3612 1106 3673 mediator
1127 3611 1315 3692 interpellat,

392 3702 425 3758 et
444 3701 542 3757 totum
566 3715 601 3755 se
622 3701 760 3757 nostrum
782 3696 856 3757 lauit
876 3697 1010 3776 optimus
1040 3694 1186 3756 sacerdos
1210 3702 1243 3755 et
1263 3711 1316 3774 pa

397 3786 513 3840 tronus.
557 3778 655 3852 Quam
679 3798 753 3859 ergo
775 3779 968 3858 impossibile
989 3786 1046 3857 est,
1069 3786 1103 3839 ut
1124 3778 1263 3839 Christus
1284 3778 1315 3837 in

392 3863 574 3921 suaiuatitia
587 3881 650 3922 nen
669 3862 801 3941 placeat,
825 3870 887 3921 tam
909 3862 1101 3942 impossibile
1122 3867 1179 3939 est,
1201 3866 1235 3921 ut
1256 3879 1314 3921 nos

392 3940 453 4002 fide
468 3952 583 4023 nostra,
606 3964 666 4024 qua
683 3945 763 4005 illius
785 3946 919 4006 iustitiae
940 3945 1144 4023 inhaeremus,
1166 3963 1230 4004 non
1252 3944 1315 4023 pla-
