3159 4792
639 528 674 583 D.
694 528 727 582 ll.
748 528 867 583 Lutberi.
1151 514 1223 591 '335

302 722 367 775 tum
390 719 714 797 commentaremur.
758 716 819 778 Alii
841 732 925 793 vero,
949 714 1050 775 donec
1072 735 1091 775 a
1110 716 1225 776 iustitia

302 798 436 878 cadunt,
463 802 494 860 in
518 802 633 863 eisdem
656 802 798 883 periculis
819 800 884 859 vita
906 798 1101 879 productiore
1122 805 1226 859 tenen·

302 888 362 944 tur.
406 886 436 949 8,
459 884 580 946 Parvuli
604 887 670 945 aine
683 887 877 945 sacramento
901 883 999 942 sancti
1021 881 1163 963 baptismi
1186 882 1225 942 de

303 964 368 1025 boc
389 967 496 1028 seculo
517 976 721 1047 transeuntes,
743 968 800 1027 nisi
824 984 879 1046 pro
896 965 1006 1026 Christi
1025 966 1154 1025 nomine
1168 983 1223 1025 suo

304 1050 458 1129 sangnine
478 1051 685 1133 baptiseutur,
708 1050 825 1111 aeterni
846 1050 926 1131 ignis
949 1049 1135 1129 sempiterno
1156 1066 1224 1129 sup·

303 1131 400 1211 plicio
434 1135 632 1195 aeternaliter
664 1136 842 1194 crucientur.
894 1135 922 1196 9.
946 1132 1086 1211 Vestigin
1114 1130 1224 1192 Christi

304 1216 459 1293 sequitur,
483 1219 533 1297 qui
556 1217 699 1299 gaudium
721 1219 751 1277 in
774 1215 972 1276 tribulatione
993 1215 1162 1293 existimet,
1185 1214 1225 1275 ob

302 1296 335 1357 id
358 1298 512 1377 patienter
533 1301 660 1362 insidias
689 1301 881 1361 inimicorum
904 1296 1018 1359 suffert.
1061 1298 1094 1357 ln
1118 1298 1224 1359 adver·

301 1380 345 1439 sis
367 1398 430 1440 non
453 1383 610 1464 frangitur,
633 1383 686 1444 sed
709 1390 829 1463 sperat,
858 1382 886 1440 in
911 1382 1065 1461 prosperis
1089 1400 1150 1441 non
1174 1400 1223 1442 ex-

302 1462 438 1543 tollitur,
470 1467 525 1526 sed
550 1468 643 1528 timet.
692 1469 736 1529 to.
759 1466 861 1527 Homo
884 1464 922 1523 sd
945 1465 1110 1545 imaginem
1135 1472 1166 1524 et
1186 1466 1224 1524 si-

303 1545 506 1609 militudinem
535 1549 585 1609 dei
623 1550 778 1629 vitamque
814 1556 969 1607 aeternam
1005 1546 1223 1627 possidendam

305 1636 439 1706 creatus,
461 1632 576 1692 invidia
598 1632 712 1692 diaboli
726 1632 913 1692 ornamentis
937 1647 1053 1690 morum
1067 1631 1226 1710 spoliatus,

304 1711 404 1773 libero
424 1713 551 1775 arbitrio
584 1715 770 1793 vulneratus,
799 1713 883 1774 solus
912 1714 1002 1773 etiam
1032 1713 1136 1773 diviua
1159 1714 1227 1795 lege

301 1794 447 1870 adiutus,
478 1797 516 1857 ad
537 1796 752 1878 requirendum
776 1795 945 1873 medicum,
975 1814 1035 1875 quo
1058 1802 1226 1873 sanaretur,

300 1896 365 1938 nou
389 1880 518 1942 suffecit.
563 1886 610 1943 tt.
632 1881 689 1941 lost
710 1888 813 1941 autem
834 1881 937 1959 imago
958 1879 1010 1939 illa
1034 1886 1222 1940 terrenorum

300 1960 468 2022 affectuum
491 1963 561 2024 labe
583 1964 703 2041 detrita,
726 1965 808 2023 vitiis
830 1962 1007 2042 deturpata,
1031 1963 1225 2042 poenalitati-

301 2062 363 2123 qus
387 2046 532 2108 obnoxia.
576 2048 755 2107 Renovatur
777 2055 881 2106 tamen
910 2047 939 2105 in
976 2052 1077 2105 mente
1098 2045 1223 2106 creden-

301 2130 377 2187 tium
400 2148 456 2209 per
476 2136 692 2190 testamentum
708 2148 834 2207 novum,
858 2127 940 2207 quod
955 2128 1095 2188 scribitur
1115 2130 1145 2187 in
1159 2148 1225 2189 cor·

301 2209 392 2271 dibus
415 2211 562 2290 fidelium,
583 2219 618 2273 ut
630 2213 745 2293 absque
765 2216 844 2275 κακί
887 2210 1097 2271 homovivere
1119 2214 1225 2291 possit,

300 2290 534 2378 ἀναμάρτητος
550 2315 753 2377 nequaquam.
778 2299 827 2361 12.
842 2234 985 2357 loenalis
1001 2294 1053 2355 illa
1076 2296 1226 2356 vitiositas

300 2397 341 2437 ex
365 2378 506 2439 libertate
535 2380 698 2441 subsecuta
727 2380 801 2439 iecit
828 2384 988 2460 peccatum
1017 2376 1149 2439 habendi
1172 2379 1223 2437 du-

301 2479 367 2520 ram
392 2464 625 2537 necessitatem,
654 2463 756 2525 donee
778 2470 845 2523 tota
867 2464 991 2523 sanetur
1012 2462 1172 2520 infirmitas
1195 2469 1226 2522 et

300 2545 472 2623 accipiatur
493 2552 579 2606 tauta
599 2546 741 2622 libertas,
772 2546 803 2605 in
827 2564 889 2626 qua
920 2546 999 2604 siout
1026 2563 1155 2604 necesse
1178 2553 1226 2605 cst

300 2637 483 2706 permaneat
504 2630 583 2689 bene
599 2629 721 2691 vivendi
735 2629 889 2705 voluntas,
915 2630 958 2689 ita
980 2629 1121 2689 sitetiam
1146 2628 1224 2689 bene

298 2710 425 2771 vivendi
458 2721 490 2771 et
524 2732 679 2793 nunquam
709 2712 858 2792 peccandi
885 2711 1059 2773 voluntaria
1089 2712 1225 2792 felixque

300 2796 480 2858 necessitas.
525 2798 573 2861 13.
597 2796 649 2855 llla
664 2795 703 2855 de
725 2794 774 2855 die
796 2795 921 2856 indiam
944 2802 1070 2854 sanatur
1091 2814 1146 2874 per
1158 2816 1223 2875 gra

300 2878 385 2956 tiam,
408 2896 531 2938 carnem
545 2898 614 2938 cum
627 2868 885 2959 concupiscentiis
897 2876 1115 2957 crucifigendo.
1138 2878 1225 2937 Hanc

301 2962 537 3039 consequimur,
559 2963 630 3021 dom
654 2961 785 3021 mortale
807 2960 867 3023 hoo
887 2959 1022 3019 induerit
1047 2959 1224 3020 immortali·

299 3047 395 3103 tatem
426 3051 457 3103 et
478 3046 633 3125 corruptio
656 3046 934 3124 incorruptionem,
966 3049 999 3100 ut
1023 3040 1225 3101 absorbeatur

299 3144 384 3186 mors
406 3127 437 3185 in
460 3128 598 3205 victoria,
620 3135 651 3188 et
673 3134 881 3207 consequatur
903 3127 996 3206 plena
1016 3125 1147 3199 instita,
1168 3128 1225 3188 nal

297 3204 316 3291 ἡ
338 3209 451 3272 τελεία
473 3206 596 3293 ἀγάπη.

383 3292 490 3352 Altera
523 3293 708 3374 disputatio,
747 3312 827 3372 quae
856 3293 887 3352 in
922 3310 993 3372 opp.
1017 3289 1138 3351 liutheri
1162 3291 1223 3352 col-

300 3375 486 3436 lectionibus
507 3396 570 3437 non
592 3376 748 3453 redditor,
782 3375 826 3437 ibi
848 3396 877 3455 p.
902 3379 941 3441 to
962 3376 1076 3455 scripta
1098 3381 1146 3434 est
1166 3376 1222 3435 ita:
1311 3372 1316 3381 ’

362 3457 588 3519 Conclusiones
600 3459 773 3539 quindecim
787 3464 955 3519 tractantes
972 3459 1020 3517 Au
1045 3456 1111 3518 libri
1127 3458 1223 3537 philo·

299 3540 538 3621 sophorumsint
548 3543 638 3603 utiles
647 3543 831 3602 autinutiles
841 3542 879 3602 ad
889 3540 1087 3622 theologiam.
1097 3540 1132 3602 l).
1142 3541 1181 3601 Μ.
1191 3540 1223 3601 L.

384 3629 414 3688 1.
436 3624 531 3685 Sacra
553 3626 729 3706 theologia,
760 3627 818 3686 etsi
847 3632 895 3685 est
917 3626 1057 3685 doctrina
1079 3622 1224 3683 divinitus

181 3696 182 3764 Ῠ
299 3708 459 3787 inspirata,
483 3726 545 3768 non
559 3717 659 3770 tamen
678 3708 824 3769 abhorret
840 3708 933 3768 literis
952 3714 983 3767 et
995 3706 1121 3767 vocibus
1133 3706 1223 3771 tradi.

298 3794 327 3855 2.
349 3792 434 3850 luter
455 3810 564 3852 omnes
586 3794 730 3853 scientias
764 3792 943 3851 humanitus
973 3792 1113 3849 inventas
1138 3806 1225 3870 prae-

182 3913 183 3918 κ
279 3875 390 3953 'cipue
412 3881 465 3933 est
489 3875 527 3934 sd
551 3874 783 3956 propagandam
808 3874 998 3954 theologiam
1021 3872 1103 3932 utilis
1125 3892 1223 3954 gram·

299 3958 422 4017 nauca.
466 3959 494 4021 3.
517 3957 587 4019 Non
609 3960 680 4018 ideo
702 3959 734 4017 in
757 3959 849 4020 Arist.
881 3960 913 4017 ot
940 3958 1005 4017 eius
1026 3955 1225 4037 philosophia

298 4039 484 4101 studendum
513 4047 579 4118 est,
613 4042 688 4121 quia
716 4042 854 4102 terminis
892 4038 1009 4101 eisdem
1038 4039 1223 4121 quandoque
