3159 4792
574 534 668 583 eoum
685 544 794 585 errores
814 530 846 585 Μ.
866 528 943 585 Luth.
1155 521 1217 592 281

331 734 480 795 memus,
502 718 682 798 praesertim
703 719 787 781 mala
806 718 930 799 quando
951 720 1097 800 imperas,
1118 725 1151 779 ut
1171 724 1217 781 to·

332 800 372 859 a's
391 800 454 861 iarn
476 800 572 862 tribus
586 802 686 879 annis,
709 822 749 863 ne
769 805 884 889 veritas
907 802 1035 882 solatur,
1058 810 1111 865 aut
1131 822 1218 880 vero,

333 884 360 943 si
383 890 414 943 te
435 902 642 964 sequeremur,
663 887 867 965 pessimorum
887 887 1036 947 saelorum
1053 886 1218 963 licentiam,

332 967 497 1047 peouniam
520 975 638 1049 paetus,
662 969 786 1048 quando
807 972 936 1051 irrogas,
959 968 1219 1050 quemadmodum

333 1052 366 1110 in
390 1049 449 1111 tuis
460 1049 568 1130 Bullia,
591 1068 717 1130 quarum
740 1054 834 1135 piena
856 1062 904 1114 est
915 1053 1091 1129 Germania,
1112 1052 1218 1114 videre

334 1132 418 1194 lieet
441 1130 470 1216 i)
496 1134 634 1195 Voeares
655 1154 751 1197 sanae
772 1138 893 1215 mentis,
916 1138 967 1217 qui
990 1138 1034 1198 sie
1054 1136 1192 1205 iaceret?

384 1215 451 1278 Nos
471 1217 564 1298 igitur
583 1218 614 1277 in
636 1221 828 1299 praemissis,
850 1228 956 1301 utpote
978 1220 1222 1301 gravissimas),

292 1300 476 1383 propensius
500 1297 552 1383 (ut
573 1300 706 1378 deoetb)
732 1304 917 1383 proaedere,
951 1322 1011 1365 neo
1032 1323 1094 1365 non
1118 1304 1219 1365 huius·
1243 1324 1244 1327 ¹

293 1381 378 1445 modi
407 1383 489 1462 pesti
509 1382 679 1463 morboque
700 1404 886 1466 eanoeroso,
913 1407 953 1448 ne
972 1388 1003 1447 in
1026 1407 1101 1468 agro
1124 1386 1219 1447 domi·

292 1468 381 1528 niens
388 1480 399 1539 t
410 1476 555 1546 tanquam
566 1465 705 1548 veprisd)
714 1471 826 1531 noeiva
839 1472 964 1531 ulterius
972 1468 1122 1553 serpate),
1137 1470 1218 1529 viam

292 1547 531 1631 praeelnderei)
554 1551 730 1631 supientes,
762 1552 912 1637 habitas)
936 1572 1028 1634 super
1055 1552 1220 1635 praedietis

293 1631 448 1694 erroribus
475 1640 506 1693 et
538 1649 645 1695 eorum
681 1634 809 1717 singulis
841 1637 978 1718 diligenti
1010 1636 1219 1711 trutinatione,

293 1716 500 1795 dissessione,
535 1734 573 1776 ao
593 1716 732 1779 districto
755 1722 913 1800 examine,
945 1726 1123 1799 maturaque
1146 1718 1220 1779 deli-

293 1799 464 1877 teneone,
487 1798 758 1879 omnibusquerite
774 1804 923 1884 pensatis,
945 1822 983 1863 ao
1003 1804 1126 1883 saepius
1149 1820 1221 1861 ven-

294 1883 389 1943 tilatis
422 1900 490 1942 eum
512 1882 738 1946 venerabilibus
767 1884 1105 1964 iratribush)nost1is,
1134 1902 1234 1945 sane·¹

294 1976 348 2027 tae
368 1965 459 2027 Rom.
482 1965 633 2026 eeclesiae
655 1966 878 2045 cardinalibus,
902 1969 1147 2051 aoRegularium
1172 1986 1220 2029 or-

294 2049 401 2110 dinum
422 2048 587 2126 Prioribus,
609 2050 822 2113 seublinistris
844 2053 1050 2133 generalibus,
1072 2050 1220 2133 pluribus·

295 2131 390 2213 quei)
413 2131 481 2192 aliis
514 2150 621 2192 saonae
642 2133 761 2197 Theolo
786 2136 851 2213 aa,
882 2155 941 2197 nea
974 2154 1036 2197 non
1064 2136 1221 2215 utriusque

294 2216 372 2277 luris
393 2214 639 2291 Professoribus,
660 2217 729 2277 sive
782 2220 919 2300 agistris,
948 2218 1122 2299 etquidem
1145 2218 1223 2297 peri·

294 2298 441 2375 tissimis,
468 2296 683 2382 reperimusk)
707 2302 833 2363 eosdem
862 2319 980 2363 errores
1012 2298 1217 2381 respectivel)

294 2390 345 2452 tut
364 2381 552 2461 praefertur)
576 2389 629 2441 aut
649 2384 795 2445 articulos
818 2402 880 2445 non
904 2381 1220 2467 esseeatholieostn),

296 2461 400 2546 neon)
424 2471 572 2544 anquam
595 2465 673 2526 tales
689 2486 759 2529 esse
782 2467 1049 2549 dogmatizandos,
1070 2466 1124 2528 sed
1147 2484 1219 2527 oon·

297 2550 390 2626 trao)
414 2546 587 2609 oatbolioae
610 2548 763 2611 eeclesiae
771 2551 802 2635 ¹)
828 2552 1015 2629 doetrinam,
1044 2552 1107 2612 sive
1129 2549 1220 2611 tradi·

297 2632 425 2709 tionem,
446 2636 539 2710 atque
550 2629 670 2713 adeo²)
695 2651 799 2695 veram
812 2634 982 2697 divinarum
998 2634 1219 2715 seripturarum

295 2720 453 2795 reoeptam
476 2714 777 2796 interpretationem,
813 2720 898 2779 euius
921 2718 1076 2780 autoritati
1105 2719 1148 2778 ita
1169 2733 1219 2777 ao·

294 2795 519 2941 &piesoandum
542 2798 705 2882 sensuito)
729 2800 935 2882 Augustinus,
960 2811 1008 2861 ,ut
1029 2800 1163 2875 dixerit,
1185 2820 1220 2859 se

341 2879 469 2961 angelio
491 2897 554 2941 non
577 2880 671 2942 inisse
693 2882 896 2962 crediturum,
918 2885 975 2944 nisi
998 2884 1148 2944 ecelesiae
1171 2901 1219 2941 ea·

294 2963 432 3026 tholioaa
463 2962 681 3025 intervenisset
712 2970 869 3030 autoritas.
913 2967 992 3027 Nam
1025 2984 1065 3026 ex
1102 2964 1218 3024 eisdem

295 3045 468 3123 erroribus,
505 3045 556 3107 vel
580 3064 686 3107 eorum
708 3050 831 3132 aliquo,
858 3050 909 3111 vel
943 3048 1094 3127 aliquibus
1116 3046 1219 3129 palam

295 3128 643 3209 aequitum),'eandem
655 3132 830 3212 eeclesiam,
854 3144 969 3213 quaer)
983 3132 1097 3211 Spiritu
1110 3136 1218 3191 saneto

294 3213 421 3296 regitur,
443 3230 546 3272 errare
566 3219 598 3273 ei
619 3229 742 3295 semper
763 3234 892 3279 errasse.
934 3214 1025 3291 Quod
1048 3221 1095 3275 est
1115 3213 1220 3292 utique

295 3298 444 3374 nonnas)
458 3294 543 3372 illud,
566 3296 649 3375 quod
662 3297 799 3359 Christus
814 3300 971 3380 diseipulis
984 3300 1045 3359 suis
1061 3298 1092 3357 in
1115 3315 1219 3357 aseen-

295 3380 385 3440 sione
419 3396 479 3439 sua
502 3383 554 3453 (ut
584 3380 616 3440 in
639 3387 746 3443 saneto
768 3383 940 3463 Evangelio
961 3381 1068 3442 Matth,
1090 3381 1219 3461 legitur)

295 3461 439 3543 promisit
459 3461 581 3523 disens:
604 3462 673 3545 Ego
701 3465 859 3526 nobiseum
879 3486 945 3526 snm
969 3462 1126 3545 usquead
1149 3480 1220 3523 eon-

295 3545 535 3606 summationem
557 3543 708 3628 secubo:
742 3566 801 3609 nee
828 3565 891 3609 non
914 3562 1023 3611 eontra
1045 3554 1219 3609 sanatorum

295 3628 420 3689 Petrum
449 3626 783 3709 determinationesu),
815 3632 1022 3693 Consiliorum
1046 3637 1221 3710 quoquest

296 3728 485 3771 summorum
517 3711 701 3773 Pontiiioum
733 3730 897 3794 expressas
925 3713 1134 3776 ordinationes
1165 3730 1219 3773 seu

295 3794 453 3874 (lenones,
475 3793 583 3875 quibus
604 3814 668 3857 non
686 3794 934 3878 obtemperasse,
957 3798 1092 3859 omnium
1116 3796 1220 3857 haere

298 4027 333 4082 ὼ
370 3955 417 4078 at)
435 3954 563 4011 Ibidem:
587 3956 721 4015 amiatae
746 3956 907 4015 estholieaa.
943 3954 1222 4027 2)1ntdsm:stqua
1267 3937 1269 3941 ¹

353 4042 395 4081 e.
