3159 4792
365 492 430 559 418
676 494 836 565 Disputatio
854 446 886 551 ii.
905 496 941 550 lt.
959 494 991 549 L.

368 680 479 779 virtnte
507 698 641 741 errorem
675 681 801 763 vitavit,
829 682 873 741 ita
898 680 1022 742 favente
1043 679 1197 741 ecelesiae
1219 648 1295 753 snae

371 764 581 910 ChartoNon
616 847 697 907 enirn
733 854 782 907 est
820 846 885 907 ulla
921 846 1129 927 promissione
1163 844 1295 924 Spiritus

369 938 493 991 sanetus
515 928 659 1009 alligatus
681 928 720 991 ad
744 930 962 1011 episcoporum
985 930 1035 990 vel
1066 928 1192 990 eonoilii
1222 947 1294 988 eon-

369 1012 592 1095 gregationem,
614 1030 673 1073 nee
694 1012 754 1075 hoe
775 1021 907 1093 possunt
928 1013 1069 1094 probare.

433 1098 481 1159 16.
508 1094 802 1177 Proindoauperbe
829 1102 861 1159 et
882 1097 978 1170 salso,
1011 1116 1051 1157 ne
1082 1094 1185 1157 dicam
1215 1093 1295 1155 blas·
1404 1113 1405 1138 ÷

369 1178 481 1261 pheme
502 1178 627 1257 iactant,
649 1198 718 1239 sese
740 1180 770 1239 in
797 1178 911 1260 Spiritu
928 1172 1038 1241 saneto
1059 1179 1200 1258 legitime
1222 1196 1295 1237 eon-

370 1268 516 1343 gragatos
539 1278 617 1323 esse.

431 1349 477 1407 17.
501 1341 575 1417 Quis
598 1362 653 1405 eos
676 1351 729 1405 aut
750 1364 807 1405 nos
826 1352 928 1406 eertos
950 1346 1035 1423 feeit,
1055 1343 1139 1424 quod
1163 1342 1295 1424 Spiritus

370 1434 495 1573 saluatus
527 1425 567 1490 ad
597 1446 703 1491 eorum
737 1430 1016 1509 congregationem
1047 1427 1226 1489 necessario
1256 1428 1296 1485 sit

370 1531 389 1572 a
413 1512 423 1573 i
446 1517 524 1573 atus.

424 1531 483 1658 g18.
508 1592 697 1673 Gangregari
718 1592 809 1653 facile
832 1598 894 1670 esi,
918 1592 1026 1653 sedin
1049 1592 1163 1673 Spiritu
1185 1597 1296 1654 sauma

347 1677 555 1758 ‘congregari
587 1694 650 1737 non
680 1683 827 1757 possunt,
855 1676 914 1757 nisi
946 1676 1161 1756 apostolorum
1189 1673 1297 1736 funda-

372 1766 507 1821 mentum
530 1759 625 1819 seouti
647 1778 710 1823 non
733 1777 805 1821 suas
827 1760 1042 1839 agitationes,
1065 1758 1120 1820 sed
1137 1758 1210 1819 tidai
1225 1778 1298 1819 ana·

371 1842 485 1925 logiam
508 1841 721 1921 traatarintl).

435 1929 482 1990 19.
504 1924 574 1985 Hoe
594 1929 678 1986 reete
700 1925 816 2004 dieunt,
838 1925 922 2005 quod
943 1930 1178 2006 repraesentent
1199 1924 1298 1985 eoele-

372 2010 449 2077 siam
472 2008 694 2086 universalem,
717 2028 779 2069 non
803 2010 886 2072 enim
907 2010 1084 2070 necessario
1106 2015 1179 2069 sunt
1200 2009 1299 2069 eoele-

373 2094 431 2172 sia,
452 2090 507 2153 sed
529 2092 653 2171 saepius
675 2097 909 2172 repraesentant
930 2092 1095 2154 ecelesiam
1116 2098 1246 2153 tantam.

434 2176 488 2241 20.
516 2172 557 2234 Et
577 2175 603 2235 si
625 2180 742 2237 tantum
765 2183 1000 2256 repraesentant
1021 2175 1204 2251 eeclesiam,
1225 2182 1299 2234 tuno

375 2265 447 2319 sunt
469 2257 617 2336 ecelesia,
640 2259 718 2319 sieut
739 2258 834 2321 homo
857 2260 956 2339 piatus
979 2266 1027 2321 est
1042 2258 1156 2333 homo,
1186 2258 1218 2318 id
1241 2264 1299 2335 est,

373 2348 492 2406 tantum
512 2348 760 2421 repraesentans.

434 2428 485 2489 21.
514 2424 604 2499 Quod
627 2425 652 2485 si
674 2424 790 2505 aliquid
811 2424 944 2507 amplius
965 2430 1037 2486 aunt
1061 2425 1197 2502 (idest,
1226 2444 1299 2485 vera
1408 2459 1409 2464 κ

374 2508 540 2585 ecelesia),
560 2507 622 2568 hoo
643 2507 678 2569 tit
699 2527 772 2571 casu
796 2511 850 2586 (ut
869 2507 984 2572 dietum
999 2514 1078 2586 est),
1099 2509 1300 2570 nonvirtute
1408 2535 1409 2542 κ

374 2592 636 2671 repraesentantis
659 2592 822 2653 eeclesiae.

434 2675 485 2739 22.
515 2672 679 2735 Testantur
706 2674 869 2753 historiae,
903 2675 1027 2755 saepius
1049 2675 1185 2735 eoncilia
1206 2674 1300 2735 inisse

375 2756 540 2823 eeclesiam
564 2763 680 2819 tantum
703 2764 1009 2839 repraesentantem,
1029 2776 1101 2820 raro
1123 2777 1229 2819 veram
1252 2777 1300 2819 ee·

376 2840 514 2908 alesiam.

437 2926 487 2995 23.
516 2923 582 2985 Imo
620 2924 785 2988 oonoilium
826 2932 875 2987 est
906 2942 1029 3006 semper
1061 2931 1301 3006 repraesentans

375 3009 523 3097 ecelesia,
556 3026 612 3088 per
635 3027 669 3070 se
691 3008 865 3088 loquendo,
899 3008 955 3069 aed
986 3028 1042 3089 per
1070 3008 1218 3070 aooidens
1253 3013 1302 3070 est

375 3092 508 3154 eoelesia
530 3109 610 3152 vera.

436 3177 487 3239 24.
509 3174 608 3237 Nemo
621 3173 714 3254 igitur
724 3180 847 3235 tenetur
858 3173 984 3235 eredere
1000 3174 1131 3237 depretia
1145 3174 1301 3235 eeclesiae

374 3258 666 3339 repraesentativus,
689 3256 720 3317 id
743 3265 798 3336 est,
821 3255 981 3334 eonoiliis,
1002 3259 1062 3317 nisi
1083 3257 1300 3338 apostotorum

376 3342 531 3424 seripturis
553 3340 689 3401 iudicent
711 3346 742 3403 et
763 3342 937 3421 loquantur,
960 3340 1043 3420 quod
1065 3340 1100 3402 fit
1121 3360 1206 3402 nasu.

355 3452 358 3458 ·
440 3428 489 3491 25.
517 3423 628 3487 Cetera
658 3426 762 3485 omnia
791 3431 863 3486 sunt
888 3444 993 3486 merae
1014 3426 1299 3505 repraesentativae

375 3508 536 3586 eeclesiae,
559 3527 613 3572 seu
635 3508 738 3587 pintae
760 3507 922 3585 eeclesiae,
943 3507 1070 3587 quibua,
1093 3508 1119 3568 si
1141 3526 1207 3568 non
1229 3512 1302 3567 sunt

376 3592 480 3672 impia,
503 3596 608 3672 potest
628 3591 732 3651 faveri.

439 3676 489 3744 26.
517 3674 558 3736 Et
577 3675 702 3753 ipsimet
724 3673 847 3752 dieunt,
871 3672 954 3751 qaod
977 3691 1056 3733 unns
1078 3673 1172 3733 homo
1196 3680 1303 3753 potest

378 3759 433 3817 toti
456 3756 587 3816 eonailio
610 3756 834 3835 contradicere,
856 3758 881 3816 si
905 3755 1063 3817 meliorem
1079 3758 1233 3817 rationem
1248 3762 1303 3816 aut

377 3841 556 3919 seripturam
579 3838 728 3901 habuerit.

378 3956 801 3976 *uun-num

433 4015 463 4081 1)
484 4015 515 4067 In
535 4015 577 4069 eti.
599 4016 679 4073 1558:
700 4016 886 4070 tractaverint.
