3159 4792
353 492 415 561 186
624 498 781 569 Responsio
802 499 833 556 c.
852 500 887 565 ld.
907 500 1017 558 buthan

350 685 485 749 insanire
506 704 631 765 omnes,
665 685 774 766 quibus
810 706 954 769 magnam
981 685 1183 768 ignominiam
1214 682 1271 746 sibi

373 776 550 848 sperarunt,
584 770 756 829 universum
782 790 894 834 noman
916 770 1023 833 theolo
1046 772 1126 831 icum
1150 786 1272 832 summo

351 788 482 916 dudibrio
515 858 740 931 exposuerunt,
779 855 984 933 omnibusque
1016 791 1271 917 Mniversitatibus

350 935 616 1015 irrecuperabilem
645 934 715 997 lidei
751 943 783 998 et
812 939 1000 1017 autoritatis,
1042 943 1074 997 st
1115 934 1273 1015 opinionis

350 1019 500 1089 iacturam
520 1018 769 1085 thesaurisarunt.

434 1100 476 1169 nt
505 1109 672 1183 postquam
705 1102 796 1164 video
825 1122 881 1165 eos
907 1104 969 1166 hoo
996 1102 1078 1164 malo
1116 1110 1174 1162 suo
1208 1118 1272 1161 non

351 1183 451 1245 solum
474 1186 559 1265 nihil,
584 1186 735 1264 eruditos,
768 1186 825 1250 sed
845 1188 939 1250 stiam
971 1188 1003 1247 in
1029 1187 1138 1267 peiora
1166 1182 1273 1263 lapsos

350 1268 411 1329 hoe
435 1269 518 1346 (sive
541 1288 596 1349 pro
607 1269 805 1331 resarcienda
815 1270 926 1351 gloria,
948 1271 1014 1333 sive
1037 1288 1092 1350 pro
1107 1266 1274 1348 excitanda

352 1352 471 1414 maiore
486 1352 662 1434 tragoedia)
685 1355 800 1433 conari,
823 1361 856 1415 nt
867 1355 959 1416 etiam
973 1371 1136 1433 expressas
1149 1351 1273 1411 divinae

351 1432 525 1514 Scripturas
547 1438 730 1514 sentent-ias,
764 1438 827 1498 imo
850 1456 921 1502 suas
950 1437 1091 1518 proprias
1113 1435 1272 1510 damnent,

350 1517 432 1580 alind
449 1520 597 1599 suspicari
618 1538 681 1580 non
708 1539 855 1599 possum,
888 1520 946 1581 nisi
978 1521 1055 1581 iram
1078 1518 1135 1578 Dei
1165 1535 1273 1596 perve-

350 1601 433 1662 nisse
454 1620 546 1681 super
567 1621 622 1664 eos
643 1604 673 1663 in
702 1600 813 1680 finem,-
838 1609 871 1663 ut
891 1602 1061 1683 Apostolus
1087 1601 1127 1663 de
1149 1599 1273 1662 ludaeis

348 1686 400 1763 ait,
423 1704 483 1763 quo
506 1686 616 1747 timore
638 1693 738 1748 motus
772 1694 929 1767 tanquam.
945 1685 1127 1764 desperatos
1157 1690 1189 1745 et
1222 1682 1273 1743 de·

350 1766 490 1847 ploratos
513 1787 610 1849 oogor
633 1770 779 1848 miserari,
803 1770 843 1830 ob
864 1771 958 1830 totius
976 1768 1141 1829 Christiani
1163 1766 1274 1847 populi

350 1851 534 1930 periculum,
567 1870 657 1930 quem
692 1870 821 1914 neeesse
850 1860 898 1913 est
932 1852 989 1913 hos
1018 1850 1156 1911 infelices
1177 1849 1274 1929 Magi·

350 1940 430 1995 siros
454 1934 566 2013 ubique
588 1934 702 1996 habore
725 1936 819 1997 duces
842 1936 933 1996 vitae.

432 2016 549 2077 Dicitur
582 2018 776 2100 evangelium
807 2018 919 2079 Christi
951 2016 1032 2098 apud
1061 2016 1176 2079 Torone
1210 2034 1274 2076 non

350 2099 442 2159 linere
468 2098 646 2179 praedicari.
692 2100 732 2162 At
755 2102 780 2160 si
801 2102 868 2162 istis
896 2096 1116 2161 doctrinalibus
1147 2097 1275 2158 damna·

350 2182 466 2243 toribus
489 2203 546 2244 sna
566 2182 679 2247 fidncia
701 2191 732 2245 et
765 2191 852 2245 tanta
879 2184 1075 2264 arrogantiae
1095 2181 1180 2243 hulla
1201 2198 1277 2241 eon·

294 2304 300 2315 ι
351 2267 469 2344 stiterit,
491 2286 571 2346 quse
592 2269 730 2348 tyrannis
744 2268 911 2328 Tureamm
933 2267 1047 2347 poterit
1066 2266 1095 2326 ei
1117 2264 1275 2325 conferri?

351 2347 430 2411 Nam
452 2349 525 2429 qnid
547 2370 669 2430 causae,
693 2370 820 2430 quaeso,
842 2349 973 2412 afferunt
993 2351 1023 2410 in
1047 2349 1107 2409 hae
1128 2347 1274 2409 condem-

353 2434 480 2493 natione
497 2436 566 2510 mei,
589 2436 639 2513 qui
662 2441 724 2494 tam
740 2434 845 2495 densis
862 2433 1026 2513 Soriptnris
1050 2450 1120 2492 mea
1137 2430 1275 2491 munivi?

351 2516 413 2575 Aut
430 2516 502 2594 quid
527 2518 621 2597 spirat
642 2518 719 2577 haee
740 2517 909 2595 damnatio,
931 2518 988 2576 nisi
1011 2515 1126 2576 bullam
1143 2513 1276 2574 fiduciae

350 2599 586 2677 superbissimae
620 2602 725 2661 istam:
769 2598 834 2661 Nos
871 2613 975 2659 sumus
1004 2598 1143 2678 Magistri
1176 2598 1276 2657 nostri

351 2681 470 2760 eximii,
510 2690 541 2742 et
567 2683 668 2743 almae
698 2682 912 2743 Universitatis
934 2681 1093 2761 theologi,
1126 2679 1274 2759 quidquid

350 2761 527 2843 dixerimus,
550 2765 744 2847 evangelium
763 2772 819 2842 est,
842 2764 988 2845 quidquid
1017 2764 1275 2842 damnaverimus,

348 2844 486 2907 haeresis
510 2856 563 2910 est.
595 2848 627 2909 Si
648 2850 707 2909 iste
729 2848 896 2909 estmodns
910 2845 1086 2924 damnandi,
1108 2845 1275 2925 statuendi,

352 2928 494 3007 docendi,
518 2932 589 3011 quin
614 2933 775 2993 exstinctis
799 2931 962 3012 evangelio
986 2936 1017 2991 et
1031 2930 1187 3009 Scriptura
1208 2936 1276 2990 tota

349 3012 518 3074 Lovanium
541 3021 595 3075 aut
607 3015 770 3078 Coloniam
792 3016 871 3075 inrus
888 3012 1029 3092 audituri,
1051 3012 1124 3093 quid
1136 3012 1275 3092 Magistri

352 3099 447 3157 nostri
470 3096 598 3178 velper
618 3098 733 3161 febrem
750 3097 898 3175 divinent,
920 3103 973 3157 ant
995 3095 1139 3175 exemplo
1154 3094 1274 3155 Tuscae

350 3199 406 3261 pro
429 3187 558 3260 utroque
582 3186 767 3243 testamento
789 3200 904 3241 novum
917 3178 1069 3259 quendam
1084 3179 1275 3239 Aleoranum

350 3261 440 3323 nobis
458 3263 612 3324 condant?
645 3264 720 3340 Quis
743 3265 824 3325 anim
845 3268 950 3343 potest
971 3263 1021 3323 vel
1045 3263 1175 3343 lingere,
1199 3260 1274 3340 quid

350 3346 448 3427 prosit
470 3346 625 3427 Scriptura
647 3344 765 3425 dl'vina,
788 3347 815 3406 si
836 3343 989 3427 Magistris
1010 3347 1122 3405 nostris
1146 3345 1213 3404 sine
1236 3364 1275 3405 ea

352 3428 548 3509 loquentibus
571 3449 699 3491 neeesse
721 3436 768 3490 est
788 3428 935 3489 eredere?

435 3510 537 3587 Quare
560 3515 657 3594 magis
675 3532 814 3591 moveor,
836 3511 1047 3573 antichristum
1070 3517 1123 3571 aut
1143 3528 1276 3591 regnare

352 3602 405 3657 aut
425 3596 603 3676 propediem
635 3601 851 3677 regnaturum,
881 3593 951 3655 dum
985 3594 1127 3654 homines
1154 3594 1205 3653 isti
1232 3594 1276 3653 in·

312 3686 313 3692 ’
352 3679 469 3758 cipiunt
490 3699 524 3739 se
547 3679 696 3740 extollere
719 3678 949 3759 superverbnm
966 3677 1036 3755 Dei,
1058 3675 1182 3757 quando
1206 3695 1274 3737 eam

352 3762 502 3823 insaniam
525 3761 625 3822 nullus
648 3778 782 3842 unquam
794 3762 966 3821 haereticus
980 3761 1196 3839 praesumpsit,
1217 3778 1277 3821 nee

353 3862 390 3907 eo
414 3852 554 3927 tempore
576 3864 667 3905 ansus
689 3847 745 3907 fuit
765 3843 923 3922 diabolus,
949 3849 983 3904 ut
1010 3845 1077 3905 sine
1099 3845 1195 3905 verbo
1218 3846 1276 3907 Dei

351 3929 382 3987 in
405 3928 538 3989 eeclesia
560 3928 633 4008 quid
658 3930 831 4004 moliretur,
864 3926 946 4006 quod
973 3926 1068 3989 hodie
1089 3933 1152 3987 tum
1176 3931 1275 4009 ponti·

352 4008 436 4090 fiees,
459 4017 522 4073 tum
543 4011 681 4097 Magistri
702 4013 800 4077 nostri
821 4017 907 4075 mnia
928 4010 986 4073 sihi
1004 4010 1169 4093 tyrannide
1190 4032 1277 4075 usur·
