<?xml version="1.0" encoding="UTF-8"?>
<!DOCTYPE html PUBLIC "-//W3C//DTD XHTML 1.0 Transitional//EN"
    "http://www.w3.org/TR/xhtml1/DTD/xhtml1-transitional.dtd">
<html xmlns="http://www.w3.org/1999/xhtml" xml:lang="en" lang="en">
 <head>
  <title>
</title>
<meta http-equiv="Content-Type" content="text/html;charset=utf-8" />
  <meta name='ocr-system' content='tesseract 3.04.00' />
  <meta name='ocr-capabilities' content='ocr_page ocr_carea ocr_par ocr_line ocrx_word'/>
</head>
<body>
  <div class='ocr_page' id='page_1' title='image "./operalatinavari04schmgoog_0420.png"; bbox 0 0 3159 4792; ppageno 0'>
   <div class='ocr_carea' id='block_1_1' title="bbox 236 468 1009 547">
    <p class='ocr_par' dir='ltr' id='par_1_1' title="bbox 236 468 1009 547">
     <span class='ocr_line' id='line_1_1' title="bbox 236 468 1009 547; baseline -0.003 -10"><span class='ocrx_word' id='word_1_1' title='bbox 236 490 239 505; x_wconf 93' lang='lat'>&#39;</span> <span class='ocrx_word' id='word_1_2' title='bbox 345 468 410 541; x_wconf 73' lang='grc'><strong>112</strong></span> <span class='ocrx_word' id='word_1_3' title='bbox 657 476 910 547; x_wconf 58' lang='lat' dir='ltr'>momentum</span> <span class='ocrx_word' id='word_1_4' title='bbox 929 478 971 535; x_wconf 51' lang='grc'><strong>116</strong></span> <span class='ocrx_word' id='word_1_5' title='bbox 1006 513 1009 521; x_wconf 88' lang='grc'>-</span> 
     </span>
    </p>
   </div>
   <div class='ocr_carea' id='block_1_2' title="bbox 346 665 1275 2408">
    <p class='ocr_par' dir='ltr' id='par_1_2' title="bbox 348 665 1273 829">
     <span class='ocr_line' id='line_1_2' title="bbox 348 665 1273 747; baseline 0 -21"><span class='ocrx_word' id='word_1_6' title='bbox 348 670 405 743; x_wconf 86' lang='grc'><strong>661,</strong></span> <span class='ocrx_word' id='word_1_7' title='bbox 428 671 459 727; x_wconf 88' lang='grc'><strong>61</strong></span> <span class='ocrx_word' id='word_1_8' title='bbox 480 685 555 728; x_wconf 85' lang='lat' dir='ltr'><strong>mox</strong></span> <span class='ocrx_word' id='word_1_9' title='bbox 566 665 653 729; x_wconf 89' lang='lat' dir='ltr'>Deus</span> <span class='ocrx_word' id='word_1_10' title='bbox 676 673 708 728; x_wconf 90' lang='grc'><strong>61</strong></span> <span class='ocrx_word' id='word_1_11' title='bbox 725 667 862 729; x_wconf 85' lang='lat' dir='ltr'>irascens</span> <span class='ocrx_word' id='word_1_12' title='bbox 883 673 915 728; x_wconf 89' lang='lat' dir='ltr'><strong>et</strong></span> <span class='ocrx_word' id='word_1_13' title='bbox 936 668 1095 729; x_wconf 83' lang='lat' dir='ltr'>remittens</span> <span class='ocrx_word' id='word_1_14' title='bbox 1107 667 1273 747; x_wconf 85' lang='lat' dir='ltr'>praeintel</span> 
     </span>
     <span class='ocr_line' id='line_1_3' title="bbox 348 748 580 829; baseline 0.009 -20"><span class='ocrx_word' id='word_1_15' title='bbox 348 748 401 829; x_wconf 85' lang='lat' dir='ltr'>ligi</span> <span class='ocrx_word' id='word_1_16' title='bbox 424 749 580 829; x_wconf 89' lang='lat' dir='ltr'>probatur.</span> 
     </span>
    </p>

    <p class='ocr_par' dir='ltr' id='par_1_3' title="bbox 346 832 1272 1079">
     <span class='ocr_line' id='line_1_4' title="bbox 413 832 1272 914; baseline -0.003 -19"><span class='ocrx_word' id='word_1_17' title='bbox 413 834 460 897; x_wconf 87' lang='grc'><strong>13.</strong></span> <span class='ocrx_word' id='word_1_18' title='bbox 481 833 577 913; x_wconf 86' lang='lat' dir='ltr'>Igitur</span> <span class='ocrx_word' id='word_1_19' title='bbox 612 832 721 894; x_wconf 80' lang='lat' dir='ltr'>Daniel</span> <span class='ocrx_word' id='word_1_20' title='bbox 756 852 860 914; x_wconf 86' lang='lat' dir='ltr'>regem</span> <span class='ocrx_word' id='word_1_21' title='bbox 894 832 1063 913; x_wconf 80' lang='lat' dir='ltr'>Babylonis</span> <span class='ocrx_word' id='word_1_22' title='bbox 1099 833 1140 893; x_wconf 85' lang='lat' dir='ltr'><strong>ad</strong></span> <span class='ocrx_word' id='word_1_23' title='bbox 1177 835 1272 893; x_wconf 90' lang='lat' dir='ltr'>totius</span> 
     </span>
     <span class='ocr_line' id='line_1_5' title="bbox 346 915 1272 995; baseline 0.004 -22"><span class='ocrx_word' id='word_1_24' title='bbox 346 915 428 975; x_wconf 88' lang='grc'><strong>66166</strong></span> <span class='ocrx_word' id='word_1_25' title='bbox 440 934 676 977; x_wconf 77' lang='lat' dir='ltr'>conversionem</span> <span class='ocrx_word' id='word_1_26' title='bbox 697 916 837 977; x_wconf 77' lang='lat' dir='ltr'>hortatus</span> <span class='ocrx_word' id='word_1_27' title='bbox 859 916 961 992; x_wconf 86' lang='lat' dir='ltr'>docet,</span> <span class='ocrx_word' id='word_1_28' title='bbox 984 915 1045 977; x_wconf 84' lang='lat' dir='ltr'>tide</span> <span class='ocrx_word' id='word_1_29' title='bbox 1066 936 1146 976; x_wconf 86' lang='lat' dir='ltr'>vera</span> <span class='ocrx_word' id='word_1_30' title='bbox 1175 925 1272 995; x_wconf 90' lang='lat' dir='ltr'>(quae</span> 
     </span>
     <span class='ocr_line' id='line_1_6' title="bbox 349 998 1186 1079; baseline 0.002 -20"><span class='ocrx_word' id='word_1_31' title='bbox 349 998 421 1059; x_wconf 80' lang='lat' dir='ltr'>iacit</span> <span class='ocrx_word' id='word_1_32' title='bbox 443 1002 557 1079; x_wconf 88' lang='lat' dir='ltr'>opera)</span> <span class='ocrx_word' id='word_1_33' title='bbox 580 1000 794 1060; x_wconf 74' lang='lat' dir='ltr'>remissionem</span> <span class='ocrx_word' id='word_1_34' title='bbox 817 1005 1015 1079; x_wconf 84' lang='lat' dir='ltr'>peccatorum</span> <span class='ocrx_word' id='word_1_35' title='bbox 1038 1000 1186 1061; x_wconf 83' lang='lat' dir='ltr'>obtineri.</span> 
     </span>
    </p>

    <p class='ocr_par' dir='ltr' id='par_1_4' title="bbox 351 1082 1272 1327">
     <span class='ocr_line' id='line_1_7' title="bbox 412 1082 1272 1159; baseline -0.003 -15"><span class='ocrx_word' id='word_1_36' title='bbox 412 1083 459 1144; x_wconf 89' lang='grc'><strong>14.</strong></span> <span class='ocrx_word' id='word_1_37' title='bbox 482 1082 596 1143; x_wconf 84' lang='lat' dir='ltr'>Dicens</span> <span class='ocrx_word' id='word_1_38' title='bbox 618 1083 714 1143; x_wconf 91' lang='lat' dir='ltr'>enim:</span> <span class='ocrx_word' id='word_1_39' title='bbox 738 1082 869 1142; x_wconf 83' lang='lat' dir='ltr'>Peccata</span> <span class='ocrx_word' id='word_1_40' title='bbox 890 1090 953 1159; x_wconf 85' lang='grc'><strong>166,</strong></span> <span class='ocrx_word' id='word_1_41' title='bbox 977 1082 1114 1143; x_wconf 79' lang='lat' dir='ltr'>ostendit</span> <span class='ocrx_word' id='word_1_42' title='bbox 1144 1084 1173 1143; x_wconf 90' lang='lat' dir='ltr'><strong>ei</strong></span> <span class='ocrx_word' id='word_1_43' title='bbox 1195 1084 1272 1142; x_wconf 90' lang='lat' dir='ltr'>iram</span> 
     </span>
     <span class='ocr_line' id='line_1_8' title="bbox 351 1163 1271 1246; baseline 0.002 -23"><span class='ocrx_word' id='word_1_44' title='bbox 351 1163 419 1241; x_wconf 91' lang='lat' dir='ltr'>Dei,</span> <span class='ocrx_word' id='word_1_45' title='bbox 441 1163 471 1224; x_wconf 93' lang='lat' dir='ltr'>id</span> <span class='ocrx_word' id='word_1_46' title='bbox 494 1166 552 1243; x_wconf 78' lang='grc'><strong>661,</strong></span> <span class='ocrx_word' id='word_1_47' title='bbox 573 1165 684 1244; x_wconf 85' lang='lat' dir='ltr'>legem,</span> <span class='ocrx_word' id='word_1_48' title='bbox 708 1183 838 1243; x_wconf 89' lang='lat' dir='ltr'>esseque</span> <span class='ocrx_word' id='word_1_49' title='bbox 860 1184 929 1225; x_wconf 89' lang='lat' dir='ltr'><strong>eum</strong></span> <span class='ocrx_word' id='word_1_50' title='bbox 944 1173 1141 1246; x_wconf 89' lang='lat' dir='ltr'>peccatorem</span> <span class='ocrx_word' id='word_1_51' title='bbox 1166 1184 1271 1226; x_wconf 88' lang='lat' dir='ltr'>coram</span> 
     </span>
     <span class='ocr_line' id='line_1_9' title="bbox 352 1246 801 1327; baseline 0 -21"><span class='ocrx_word' id='word_1_52' title='bbox 352 1247 428 1325; x_wconf 88' lang='lat' dir='ltr'>Deo,</span> <span class='ocrx_word' id='word_1_53' title='bbox 451 1246 534 1327; x_wconf 91' lang='lat' dir='ltr'>qnod</span> <span class='ocrx_word' id='word_1_54' title='bbox 555 1248 715 1327; x_wconf 85' lang='lat' dir='ltr'>ignorarat</span> <span class='ocrx_word' id='word_1_55' title='bbox 736 1268 801 1311; x_wconf 87' lang='lat' dir='ltr'><strong>rex</strong></span> 
     </span>
    </p>

    <p class='ocr_par' dir='ltr' id='par_1_5' title="bbox 349 1328 1273 1577">
     <span class='ocr_line' id='line_1_10' title="bbox 362 1328 1272 1411; baseline -0.003 -18.829"><span class='ocrx_word' id='word_1_56' title='bbox 362 1334 459 1394; x_wconf 81' lang='grc'><strong>15.</strong></span> <span class='ocrx_word' id='word_1_57' title='bbox 482 1332 609 1391; x_wconf 87' lang='lat' dir='ltr'>Dicens:</span> <span class='ocrx_word' id='word_1_58' title='bbox 642 1329 771 1392; x_wconf 84' lang='lat' dir='ltr'>Redime</span> <span class='ocrx_word' id='word_1_59' title='bbox 802 1330 1032 1411; x_wconf 82' lang='lat' dir='ltr'>eleemosynis,</span> <span class='ocrx_word' id='word_1_60' title='bbox 1067 1328 1205 1390; x_wconf 82' lang='lat' dir='ltr'>ostendit</span> <span class='ocrx_word' id='word_1_61' title='bbox 1242 1330 1272 1389; x_wconf 93' lang='grc'><strong>61</strong></span> 
     </span>
     <span class='ocr_line' id='line_1_11' title="bbox 349 1412 1273 1518; baseline 0 -45"><span class='ocrx_word' id='word_1_62' title='bbox 349 1414 477 1493; x_wconf 83' lang='lat' dir='ltr'>gratiam</span> <span class='ocrx_word' id='word_1_63' title='bbox 500 1414 568 1488; x_wconf 85' lang='lat' dir='ltr'>Dei,</span> <span class='ocrx_word' id='word_1_64' title='bbox 592 1433 652 1493; x_wconf 86' lang='lat' dir='ltr'>qua</span> <span class='ocrx_word' id='word_1_65' title='bbox 674 1415 868 1475; x_wconf 86' lang='lat' dir='ltr'>remittuntur</span> <span class='ocrx_word' id='word_1_66' title='bbox 878 1420 1028 1518; x_wconf 86' lang='lat' dir='ltr'>peccata,</span> <span class='ocrx_word' id='word_1_67' title='bbox 1050 1413 1076 1472; x_wconf 92' lang='grc'><strong>61</strong></span> <span class='ocrx_word' id='word_1_68' title='bbox 1099 1412 1216 1492; x_wconf 88' lang='lat' dir='ltr'>credat,</span> <span class='ocrx_word' id='word_1_69' title='bbox 1239 1420 1273 1473; x_wconf 91' lang='grc'><strong>61</strong></span> 
     </span>
     <span class='ocr_line' id='line_1_12' title="bbox 350 1484 921 1577; baseline 0 -20"><span class='ocrx_word' id='word_1_70' title='bbox 350 1496 556 1577; x_wconf 75' lang='lat' dir='ltr'>eleemosynis</span> <span class='ocrx_word' id='word_1_71' title='bbox 577 1495 669 1557; x_wconf 88' lang='lat' dir='ltr'>fidem</span> <span class='ocrx_word' id='word_1_72' title='bbox 692 1516 779 1557; x_wconf 83' lang='lat' dir='ltr'>suam</span> <span class='ocrx_word' id='word_1_73' title='bbox 800 1484 921 1577; x_wconf 87' lang='lat' dir='ltr'>prob&#39;et.</span> 
     </span>
    </p>

    <p class='ocr_par' dir='ltr' id='par_1_6' title="bbox 348 1578 1274 1743">
     <span class='ocr_line' id='line_1_13' title="bbox 415 1578 1274 1659; baseline -0.002 -18"><span class='ocrx_word' id='word_1_74' title='bbox 415 1584 459 1644; x_wconf 89' lang='grc'><strong>16.</strong></span> <span class='ocrx_word' id='word_1_75' title='bbox 485 1580 562 1640; x_wconf 87' lang='lat' dir='ltr'><strong>Nam</strong></span> <span class='ocrx_word' id='word_1_76' title='bbox 593 1581 651 1639; x_wconf 90' lang='lat' dir='ltr'>nisi</span> <span class='ocrx_word' id='word_1_77' title='bbox 672 1578 815 1640; x_wconf 86' lang='lat' dir='ltr'>crederet</span> <span class='ocrx_word' id='word_1_78' title='bbox 835 1580 971 1656; x_wconf 79' lang='lat' dir='ltr'>Danieli,</span> <span class='ocrx_word' id='word_1_79' title='bbox 1004 1598 1038 1639; x_wconf 90' lang='grc'><strong>66</strong></span> <span class='ocrx_word' id='word_1_80' title='bbox 1060 1596 1209 1659; x_wconf 81' lang='lat' dir='ltr'>peccasse</span> <span class='ocrx_word' id='word_1_81' title='bbox 1241 1586 1274 1639; x_wconf 91' lang='lat' dir='ltr'><strong>et</strong></span> 
     </span>
     <span class='ocr_line' id='line_1_14' title="bbox 348 1662 1196 1759; baseline -0.001 -38"><span class='ocrx_word' id='word_1_82' title='bbox 348 1662 424 1751; x_wconf 85' lang='lat' dir='ltr'>iram</span> <span class='ocrx_word' id='word_1_83' title='bbox 446 1663 503 1723; x_wconf 89' lang='lat' dir='ltr'><strong>Dei</strong></span> <span class='ocrx_word' id='word_1_84' title='bbox 527 1664 684 1739; x_wconf 90' lang='lat' dir='ltr'>meruisse,</span> <span class='ocrx_word' id='word_1_85' title='bbox 706 1682 768 1723; x_wconf 92' lang='lat' dir='ltr'><strong>non</strong></span> <span class='ocrx_word' id='word_1_86' title='bbox 792 1664 988 1743; x_wconf 74' lang='lat' dir='ltr'>resipisceret</span> <span class='ocrx_word' id='word_1_87' title='bbox 1010 1680 1030 1720; x_wconf 94' lang='lat' dir='ltr'>a</span> <span class='ocrx_word' id='word_1_88' title='bbox 1050 1663 1196 1759; x_wconf 80' lang='lat' dir='ltr'>peccetis.</span> 
     </span>
    </p>

    <p class='ocr_par' dir='ltr' id='par_1_7' title="bbox 350 1744 1271 1909">
     <span class='ocr_line' id='line_1_15' title="bbox 412 1744 1271 1825; baseline -0.006 -16"><span class='ocrx_word' id='word_1_89' title='bbox 412 1746 461 1809; x_wconf 92' lang='grc'><strong>17</strong></span> <span class='ocrx_word' id='word_1_90' title='bbox 484 1746 610 1822; x_wconf 84' lang='lat' dir='ltr'>Rursus,</span> <span class='ocrx_word' id='word_1_91' title='bbox 633 1747 691 1806; x_wconf 92' lang='lat' dir='ltr'>nisi</span> <span class='ocrx_word' id='word_1_92' title='bbox 715 1744 854 1806; x_wconf 88' lang='lat' dir='ltr'>crederet</span> <span class='ocrx_word' id='word_1_93' title='bbox 874 1746 982 1805; x_wconf 88' lang='lat' dir='ltr'>Deum</span> <span class='ocrx_word' id='word_1_94' title='bbox 994 1744 1106 1805; x_wconf 88' lang='grc'><strong>66116</strong></span> <span class='ocrx_word' id='word_1_95' title='bbox 1097 1762 1271 1825; x_wconf 79' lang='lat' dir='ltr'>ignoscere,</span> 
     </span>
     <span class='ocr_line' id='line_1_16' title="bbox 350 1794 942 1909; baseline -0.002 -21"><span class='ocrx_word' id='word_1_96' title='bbox 350 1846 411 1889; x_wconf 91' lang='lat' dir='ltr'><strong>non</strong></span> <span class='ocrx_word' id='word_1_97' title='bbox 434 1829 571 1890; x_wconf 78' lang='lat' dir='ltr'>studeret</span> <span class='ocrx_word' id='word_1_98' title='bbox 592 1794 801 1909; x_wconf 69' lang='lat' dir='ltr'>eleemosynis</span> <span class='ocrx_word' id='word_1_99' title='bbox 822 1827 942 1891; x_wconf 85' lang='lat' dir='ltr'>dandis</span> 
     </span>
    </p>

    <p class='ocr_par' dir='ltr' id='par_1_8' title="bbox 350 1910 1274 2139">
     <span class='ocr_line' id='line_1_17' title="bbox 414 1910 1274 1992; baseline -0.002 -18.998"><span class='ocrx_word' id='word_1_100' title='bbox 414 1914 461 1977; x_wconf 91' lang='grc'><strong>18.</strong></span> <span class='ocrx_word' id='word_1_101' title='bbox 484 1912 594 1973; x_wconf 87' lang='lat' dir='ltr'>Totam</span> <span class='ocrx_word' id='word_1_102' title='bbox 628 1930 703 1992; x_wconf 88' lang='lat' dir='ltr'>ergo</span> <span class='ocrx_word' id='word_1_103' title='bbox 734 1911 925 1983; x_wconf 72' lang='lat' dir='ltr'>doctrinam,</span> <span class='ocrx_word' id='word_1_104' title='bbox 959 1910 1078 1971; x_wconf 86' lang='lat' dir='ltr'>scilicet</span> <span class='ocrx_word' id='word_1_105' title='bbox 1109 1911 1212 1992; x_wconf 89' lang='lat' dir='ltr'>legem</span> <span class='ocrx_word' id='word_1_106' title='bbox 1240 1918 1274 1971; x_wconf 91' lang='grc'><strong>61</strong></span> 
     </span>
     <span class='ocr_line' id='line_1_18' title="bbox 351 1993 1273 2075; baseline 0.001 -22"><span class='ocrx_word' id='word_1_107' title='bbox 351 1995 561 2075; x_wconf 83' lang='lat' dir='ltr'>evangelium,</span> <span class='ocrx_word' id='word_1_108' title='bbox 595 1995 705 2055; x_wconf 76' lang='lat' dir='ltr'>Daniel</span> <span class='ocrx_word' id='word_1_109' title='bbox 727 1994 789 2055; x_wconf 89' lang='lat' dir='ltr'><strong>boc</strong></span> <span class='ocrx_word' id='word_1_110' title='bbox 810 1993 906 2055; x_wconf 90' lang='lat' dir='ltr'>verbo</span> <span class='ocrx_word' id='word_1_111' title='bbox 934 1994 1118 2074; x_wconf 83' lang='lat' dir='ltr'>complexus</span> <span class='ocrx_word' id='word_1_112' title='bbox 1139 2000 1206 2072; x_wconf 90' lang='grc'><strong>661,</strong></span> <span class='ocrx_word' id='word_1_113' title='bbox 1240 1995 1273 2054; x_wconf 90' lang='lat' dir='ltr'>id</span> 
     </span>
     <span class='ocr_line' id='line_1_19' title="bbox 350 2040 812 2153; baseline 0 -16"><span class='ocrx_word' id='word_1_114' title='bbox 350 2082 407 2153; x_wconf 86' lang='grc'><strong>661,</strong></span> <span class='ocrx_word' id='word_1_115' title='bbox 430 2084 527 2139; x_wconf 89' lang='lat' dir='ltr'>totam</span> <span class='ocrx_word' id='word_1_116' title='bbox 549 2040 684 2139; x_wconf 80' lang='grc'><strong>1161611666</strong></span> <span class='ocrx_word' id='word_1_117' title='bbox 707 2078 812 2139; x_wconf 82' lang='lat' dir='ltr'>vitam.</span> 
     </span>
    </p>

    <p class='ocr_par' dir='ltr' id='par_1_9' title="bbox 350 2158 1275 2408">
     <span class='ocr_line' id='line_1_20' title="bbox 413 2158 1273 2255; baseline -0.005 -32"><span class='ocrx_word' id='word_1_118' title='bbox 413 2164 462 2225; x_wconf 84' lang='lat'><strong>19.</strong></span> <span class='ocrx_word' id='word_1_119' title='bbox 486 2160 622 2223; x_wconf 89' lang='grc'><strong>8166166</strong></span> <span class='ocrx_word' id='word_1_120' title='bbox 645 2160 753 2223; x_wconf 88' lang='lat' dir='ltr'>morali</span> <span class='ocrx_word' id='word_1_121' title='bbox 776 2158 919 2221; x_wconf 88' lang='lat' dir='ltr'>doctriua</span> <span class='ocrx_word' id='word_1_122' title='bbox 940 2178 1062 2239; x_wconf 90' lang='lat' dir='ltr'>semper</span> <span class='ocrx_word' id='word_1_123' title='bbox 1082 2176 1273 2255; x_wconf 79' lang='lat' dir='ltr'>praesuppo-</span> 
     </span>
     <span class='ocr_line' id='line_1_21' title="bbox 350 2241 1275 2348; baseline 0.001 -46"><span class='ocrx_word' id='word_1_124' title='bbox 350 2243 537 2305; x_wconf 88' lang='grc'><strong>6116666616</strong></span> <span class='ocrx_word' id='word_1_125' title='bbox 558 2251 605 2305; x_wconf 85' lang='lat' dir='ltr'><strong>rat</strong></span> <span class='ocrx_word' id='word_1_126' title='bbox 606 2246 636 2304; x_wconf 94' lang='lat' dir='ltr'>io</span> <span class='ocrx_word' id='word_1_127' title='bbox 666 2248 698 2304; x_wconf 89' lang='lat' dir='ltr'><strong>et</strong></span> <span class='ocrx_word' id='word_1_128' title='bbox 730 2242 813 2304; x_wconf 90' lang='lat' dir='ltr'>bona</span> <span class='ocrx_word' id='word_1_129' title='bbox 839 2243 1000 2321; x_wconf 90' lang='grc'><strong>66166166,</strong></span> <span class='ocrx_word' id='word_1_130' title='bbox 1032 2241 1105 2302; x_wconf 91' lang='lat' dir='ltr'>dum</span> <span class='ocrx_word' id='word_1_131' title='bbox 1137 2244 1221 2348; x_wconf 84' lang='lat' dir='ltr'>iusta</span> <span class='ocrx_word' id='word_1_132' title='bbox 1242 2251 1275 2303; x_wconf 89' lang='grc'><strong>61</strong></span> 
     </span>
     <span class='ocr_line' id='line_1_22' title="bbox 350 2325 744 2408; baseline 0.003 -23"><span class='ocrx_word' id='word_1_133' title='bbox 350 2325 484 2405; x_wconf 83' lang='grc'><strong>16666616</strong></span> <span class='ocrx_word' id='word_1_134' title='bbox 505 2328 744 2408; x_wconf 85' lang='lat' dir='ltr'>praecipiuntur.</span> 
     </span>
    </p>
   </div>
   <div class='ocr_carea' id='block_1_3' title="bbox 284 2406 1275 2819">
    <p class='ocr_par' dir='ltr' id='par_1_10' title="bbox 350 2406 1275 2653">
     <span class='ocr_line' id='line_1_23' title="bbox 414 2406 1273 2487; baseline -0.007 -13"><span class='ocrx_word' id='word_1_135' title='bbox 414 2414 463 2477; x_wconf 77' lang='lat'><strong>20</strong></span> <span class='ocrx_word' id='word_1_136' title='bbox 485 2412 576 2471; x_wconf 89' lang='lat' dir='ltr'>Dicta</span> <span class='ocrx_word' id='word_1_137' title='bbox 597 2429 684 2487; x_wconf 88' lang='grc'><strong>6666,</strong></span> <span class='ocrx_word' id='word_1_138' title='bbox 707 2407 840 2487; x_wconf 80' lang='lat' dir='ltr'>quaeda</span> <span class='ocrx_word' id='word_1_139' title='bbox 861 2415 928 2469; x_wconf 89' lang='grc'><strong>1616</strong></span> <span class='ocrx_word' id='word_1_140' title='bbox 948 2409 1013 2468; x_wconf 84' lang='grc'><strong>6116</strong></span> <span class='ocrx_word' id='word_1_141' title='bbox 1032 2406 1209 2469; x_wconf 78' lang='lat' dir='ltr'>Christiana</span> <span class='ocrx_word' id='word_1_142' title='bbox 1230 2408 1273 2468; x_wconf 90' lang='grc'><strong>16-</strong></span> 
     </span>
     <span class='ocr_line' id='line_1_24' title="bbox 350 2490 1275 2569; baseline 0.002 -20"><span class='ocrx_word' id='word_1_143' title='bbox 350 2501 482 2569; x_wconf 89' lang='lat' dir='ltr'>quuntur</span> <span class='ocrx_word' id='word_1_144' title='bbox 504 2513 559 2553; x_wconf 90' lang='lat' dir='ltr'><strong>seu</strong></span> <span class='ocrx_word' id='word_1_145' title='bbox 579 2492 641 2553; x_wconf 85' lang='lat' dir='ltr'><strong>fide</strong></span> <span class='ocrx_word' id='word_1_146' title='bbox 658 2494 828 2566; x_wconf 86' lang='grc'><strong>1666666616,</strong></span> <span class='ocrx_word' id='word_1_147' title='bbox 851 2510 914 2552; x_wconf 89' lang='grc'><strong>666</strong></span> <span class='ocrx_word' id='word_1_148' title='bbox 931 2490 1046 2553; x_wconf 87' lang='lat' dir='ltr'>debent</span> <span class='ocrx_word' id='word_1_149' title='bbox 1061 2490 1142 2550; x_wconf 89' lang='lat' dir='ltr'>trahi</span> <span class='ocrx_word' id='word_1_150' title='bbox 1166 2499 1275 2552; x_wconf 88' lang='grc'><strong>666166</strong></span> 
     </span>
     <span class='ocr_line' id='line_1_25' title="bbox 350 2572 1275 2653; baseline 0 -20"><span class='ocrx_word' id='word_1_151' title='bbox 350 2583 479 2653; x_wconf 85' lang='lat' dir='ltr'>partem,</span> <span class='ocrx_word' id='word_1_152' title='bbox 501 2576 532 2635; x_wconf 91' lang='lat' dir='ltr'>id</span> <span class='ocrx_word' id='word_1_153' title='bbox 546 2582 601 2649; x_wconf 86' lang='lat' dir='ltr'>est,</span> <span class='ocrx_word' id='word_1_154' title='bbox 614 2582 723 2636; x_wconf 87' lang='grc'><strong>666166</strong></span> <span class='ocrx_word' id='word_1_155' title='bbox 735 2574 829 2635; x_wconf 85' lang='lat' dir='ltr'>iidem</span> <span class='ocrx_word' id='word_1_156' title='bbox 843 2574 953 2650; x_wconf 86' lang='lat' dir='ltr'>solam,</span> <span class='ocrx_word' id='word_1_157' title='bbox 969 2592 1024 2633; x_wconf 89' lang='grc'><strong>666</strong></span> <span class='ocrx_word' id='word_1_158' title='bbox 1044 2572 1275 2636; x_wconf 85' lang='lat' dir='ltr'>iustificantem</span> 
     </span>
    </p>

    <p class='ocr_par' dir='ltr' id='par_1_11' title="bbox 284 2620 1275 2819">
     <span class='ocr_line' id='line_1_26' title="bbox 410 2620 1275 2767; baseline -0.006 -45.983"><span class='ocrx_word' id='word_1_159' title='bbox 410 2662 462 2721; x_wconf 90' lang='grc'><strong>21</strong></span> <span class='ocrx_word' id='word_1_160' title='bbox 484 2620 608 2736; x_wconf 82' lang='lat' dir='ltr'>Alioqui</span> <span class='ocrx_word' id='word_1_161' title='bbox 633 2659 690 2719; x_wconf 87' lang='lat' dir='ltr'>erit</span> <span class='ocrx_word' id='word_1_162' title='bbox 713 2657 875 2718; x_wconf 86' lang='grc'><strong>6666116616</strong></span> <span class='ocrx_word' id='word_1_163' title='bbox 896 2620 1020 2718; x_wconf 89' lang='grc'><strong>16116616</strong></span> <span class='ocrx_word' id='word_1_164' title='bbox 1035 2658 1275 2767; x_wconf 79' lang='lat' dir='ltr'>compositionis</span> 
     </span>
     <span class='ocr_line' id='line_1_27' title="bbox 284 2740 574 2819; baseline -0.004 -18"><span class='ocrx_word' id='word_1_165' title='bbox 284 2816 285 2819; x_wconf 8' lang='grc' dir='ltr'><strong>Ἴ</strong></span> <span class='ocrx_word' id='word_1_166' title='bbox 351 2747 383 2801; x_wconf 89' lang='grc'><strong>61</strong></span> <span class='ocrx_word' id='word_1_167' title='bbox 405 2740 574 2802; x_wconf 86' lang='lat' dir='ltr'>divisionis.</span> 
     </span>
    </p>
   </div>
   <div class='ocr_carea' id='block_1_4' title="bbox 570 2918 1056 3116">
    <p class='ocr_par' dir='ltr' id='par_1_12' title="bbox 570 2918 1056 3116">
     <span class='ocr_line' id='line_1_28' title="bbox 570 2918 1056 2996; baseline -0.006 -15"><span class='ocrx_word' id='word_1_168' title='bbox 570 2919 761 2996; x_wconf 79' lang='lat' dir='ltr'>Quaestio</span> <span class='ocrx_word' id='word_1_169' title='bbox 784 2918 829 2981; x_wconf 91' lang='lat' dir='ltr'><strong>de</strong></span> <span class='ocrx_word' id='word_1_170' title='bbox 849 2920 925 2981; x_wconf 91' lang='grc'><strong>1116</strong></span> <span class='ocrx_word' id='word_1_171' title='bbox 947 2920 1056 2979; x_wconf 90' lang='grc' dir='ltr'><strong>Ρ6611</strong></span> 
     </span>
     <span class='ocr_line' id='line_1_29' title="bbox 603 3037 1029 3116; baseline 0 -18"><span class='ocrx_word' id='word_1_172' title='bbox 603 3037 685 3099; x_wconf 90' lang='lat' dir='ltr'>dicto</span> <span class='ocrx_word' id='word_1_173' title='bbox 711 3041 736 3101; x_wconf 84' lang='lat'><strong>1.</strong></span> <span class='ocrx_word' id='word_1_174' title='bbox 759 3038 897 3103; x_wconf 78' lang='lat' dir='ltr'>Corinth.</span> <span class='ocrx_word' id='word_1_175' title='bbox 921 3040 959 3102; x_wconf 86' lang='lat'><strong>13</strong></span> <span class='ocrx_word' id='word_1_176' title='bbox 974 3039 1029 3116; x_wconf 69' lang='grc'><strong>*16</strong></span> 
     </span>
    </p>
   </div>
   <div class='ocr_carea' id='block_1_5' title="bbox 303 3172 1280 3816">
    <p class='ocr_par' dir='ltr' id='par_1_13' title="bbox 303 3172 1278 3420">
     <span class='ocr_line' id='line_1_30' title="bbox 435 3172 1277 3249; baseline -0.002 -14"><span class='ocrx_word' id='word_1_177' title='bbox 435 3173 568 3235; x_wconf 82' lang='grc'><strong>81111666</strong></span> <span class='ocrx_word' id='word_1_178' title='bbox 586 3172 722 3234; x_wconf 77' lang='lat' dir='ltr'>habuero</span> <span class='ocrx_word' id='word_1_179' title='bbox 742 3180 800 3236; x_wconf 87' lang='lat' dir='ltr'>etc.</span> <span class='ocrx_word' id='word_1_180' title='bbox 821 3173 907 3249; x_wconf 83' lang='lat' dir='ltr'>item,</span> <span class='ocrx_word' id='word_1_181' title='bbox 920 3173 1019 3234; x_wconf 82' lang='lat' dir='ltr'>maior</span> <span class='ocrx_word' id='word_1_182' title='bbox 1031 3173 1140 3234; x_wconf 88' lang='lat' dir='ltr'>horum</span> <span class='ocrx_word' id='word_1_183' title='bbox 1155 3174 1277 3233; x_wconf 85' lang='lat' dir='ltr'>ceritas.</span> 
     </span>
     <span class='ocr_line' id='line_1_31' title="bbox 417 3254 1278 3337; baseline -0.002 -18"><span class='ocrx_word' id='word_1_184' title='bbox 417 3260 444 3319; x_wconf 87' lang='grc'><strong>1.</strong></span> <span class='ocrx_word' id='word_1_185' title='bbox 466 3256 684 3337; x_wconf 87' lang='lat' dir='ltr'>Respondetur</span> <span class='ocrx_word' id='word_1_186' title='bbox 716 3255 917 3335; x_wconf 81' lang='lat' dir='ltr'>adversariis,</span> <span class='ocrx_word' id='word_1_187' title='bbox 952 3256 1078 3317; x_wconf 87' lang='lat' dir='ltr'>Paulum</span> <span class='ocrx_word' id='word_1_188' title='bbox 1112 3254 1174 3315; x_wconf 92' lang='lat' dir='ltr'><strong>hoc</strong></span> <span class='ocrx_word' id='word_1_189' title='bbox 1205 3256 1278 3322; x_wconf 89' lang='grc'><strong>1666</strong></span> 
     </span>
     <span class='ocr_line' id='line_1_32' title="bbox 303 3338 959 3420; baseline 0 -19"><span class='ocrx_word' id='word_1_190' title='bbox 303 3370 309 3375; x_wconf 84' lang='grc'><strong><em>·</em></strong></span> <span class='ocrx_word' id='word_1_191' title='bbox 353 3338 445 3401; x_wconf 86' lang='lat' dir='ltr'>fldem</span> <span class='ocrx_word' id='word_1_192' title='bbox 468 3339 631 3420; x_wconf 73' lang='lat' dir='ltr'>pro-dono</span> <span class='ocrx_word' id='word_1_193' title='bbox 655 3338 784 3420; x_wconf 84' lang='lat' dir='ltr'>Spiritus</span> <span class='ocrx_word' id='word_1_194' title='bbox 807 3341 959 3418; x_wconf 85' lang='lat' dir='ltr'>accipere.</span> 
     </span>
    </p>

    <p class='ocr_par' dir='ltr' id='par_1_14' title="bbox 354 3420 1279 3586">
     <span class='ocr_line' id='line_1_33' title="bbox 417 3420 1279 3500; baseline -0.006 -14"><span class='ocrx_word' id='word_1_195' title='bbox 417 3424 444 3486; x_wconf 83' lang='lat'><strong>2</strong></span> <span class='ocrx_word' id='word_1_196' title='bbox 468 3422 544 3483; x_wconf 82' lang='lat' dir='ltr'>Cum</span> <span class='ocrx_word' id='word_1_197' title='bbox 567 3428 669 3483; x_wconf 89' lang='lat' dir='ltr'>autem</span> <span class='ocrx_word' id='word_1_198' title='bbox 701 3423 812 3483; x_wconf 88' lang='grc'><strong>6661166</strong></span> <span class='ocrx_word' id='word_1_199' title='bbox 843 3423 979 3482; x_wconf 92' lang='lat' dir='ltr'>omnium</span> <span class='ocrx_word' id='word_1_200' title='bbox 1009 3420 1161 3483; x_wconf 87' lang='lat' dir='ltr'>donorum</span> <span class='ocrx_word' id='word_1_201' title='bbox 1192 3421 1279 3500; x_wconf 91' lang='lat' dir='ltr'>spiri-</span> 
     </span>
     <span class='ocr_line' id='line_1_34' title="bbox 354 3488 1264 3586; baseline 0 -21"><span class='ocrx_word' id='word_1_202' title='bbox 354 3488 1264 3586; x_wconf 62' lang='grc'><strong>1661166616116666166666,666611666661661661611116161.</strong></span> 
     </span>
    </p>

    <p class='ocr_par' dir='ltr' id='par_1_15' title="bbox 353 3586 1279 3814">
     <span class='ocr_line' id='line_1_35' title="bbox 416 3586 1279 3669; baseline -0.006 -18"><span class='ocrx_word' id='word_1_203' title='bbox 416 3590 445 3651; x_wconf 89' lang='grc'><strong>3.</strong></span> <span class='ocrx_word' id='word_1_204' title='bbox 464 3586 574 3649; x_wconf 87' lang='grc'><strong>8616116</strong></span> <span class='ocrx_word' id='word_1_205' title='bbox 598 3595 629 3649; x_wconf 89' lang='grc'><strong>61</strong></span> <span class='ocrx_word' id='word_1_206' title='bbox 653 3588 878 3667; x_wconf 86' lang='lat' dir='ltr'>disputantibus</span> <span class='ocrx_word' id='word_1_207' title='bbox 899 3588 1122 3669; x_wconf 90' lang='lat' dir='ltr'>respondetur,</span> <span class='ocrx_word' id='word_1_208' title='bbox 1148 3587 1279 3648; x_wconf 84' lang='lat' dir='ltr'>Paulum</span> 
     </span>
     <span class='ocr_line' id='line_1_36' title="bbox 353 3668 1280 3813; baseline -0.001 -83"><span class='ocrx_word' id='word_1_209' title='bbox 353 3671 403 3813; x_wconf 57' lang='lat' dir='ltr'>ipio</span> <span class='ocrx_word' id='word_1_210' title='bbox 434 3672 519 3750; x_wconf 89' lang='lat' dir='ltr'>loqui</span> <span class='ocrx_word' id='word_1_211' title='bbox 549 3672 763 3751; x_wconf 89' lang='lat' dir='ltr'>propositione</span> <span class='ocrx_word' id='word_1_212' title='bbox 791 3671 1004 3752; x_wconf 85' lang='lat' dir='ltr'>hypothetica:</span> <span class='ocrx_word' id='word_1_213' title='bbox 1041 3670 1074 3732; x_wconf 87' lang='grc'><strong>81</strong></span> <span class='ocrx_word' id='word_1_214' title='bbox 1103 3668 1197 3731; x_wconf 86' lang='lat' dir='ltr'>fidem</span> <span class='ocrx_word' id='word_1_215' title='bbox 1226 3670 1280 3730; x_wconf 93' lang='lat' dir='ltr'>hu-</span> 
     </span>
     <span class='ocr_line' id='line_1_37' title="bbox 375 3761 531 3816; baseline 0.007 -3"><span class='ocrx_word' id='word_1_216' title='bbox 375 3773 449 3814; x_wconf 87' lang='grc'><strong>6666</strong></span> <span class='ocrx_word' id='word_1_217' title='bbox 472 3761 531 3816; x_wconf 89' lang='grc'><strong>6.16</strong></span> 
     </span>
    </p>
   </div>
   <div class='ocr_carea' id='block_1_6' title="bbox 404 3928 1400 4003">
    <p class='ocr_par' dir='ltr' id='par_1_16' title="bbox 404 3928 1400 4003">
     <span class='ocr_line' id='line_1_38' title="bbox 404 3928 1400 4003; baseline -0.012 -18"><span class='ocrx_word' id='word_1_218' title='bbox 404 3984 406 3991; x_wconf 76' lang='grc'><strong>,</strong></span> <span class='ocrx_word' id='word_1_219' title='bbox 430 3932 456 3990; x_wconf 81' lang='lat' dir='ltr'>*t</span> <span class='ocrx_word' id='word_1_220' title='bbox 477 3932 553 3985; x_wconf 86' lang='lat' dir='ltr'>Haeo</span> <span class='ocrx_word' id='word_1_221' title='bbox 571 3934 697 4003; x_wconf 87' lang='lat' dir='ltr'>quaestio</span> <span class='ocrx_word' id='word_1_222' title='bbox 717 3931 797 3985; x_wconf 88' lang='lat' dir='ltr'>deest</span> <span class='ocrx_word' id='word_1_223' title='bbox 814 3932 843 3983; x_wconf 88' lang='lat' dir='ltr'>in</span> <span class='ocrx_word' id='word_1_224' title='bbox 863 3928 905 3983; x_wconf 86' lang='grc'><strong>661.</strong></span> <span class='ocrx_word' id='word_1_225' title='bbox 927 3928 1010 3995; x_wconf 82' lang='grc'><strong>1538,</strong></span> <span class='ocrx_word' id='word_1_226' title='bbox 1033 3934 1126 3985; x_wconf 88' lang='lat' dir='ltr'>textus</span> <span class='ocrx_word' id='word_1_227' title='bbox 1143 3932 1281 3998; x_wconf 82' lang='lat' dir='ltr'>repetitus</span> <span class='ocrx_word' id='word_1_228' title='bbox 1396 3964 1400 3973; x_wconf 86' lang='lat'><em>.</em></span> 
     </span>
    </p>
   </div>
   <div class='ocr_carea' id='block_1_7' title="bbox 319 3999 1057 4073">
    <p class='ocr_par' dir='ltr' id='par_1_17' title="bbox 319 3999 1057 4073">
     <span class='ocr_line' id='line_1_39' title="bbox 319 3999 1057 4073; baseline -0.003 -18"><span class='ocrx_word' id='word_1_229' title='bbox 319 4037 321 4047; x_wconf 67' lang='lat'>,</span> <span class='ocrx_word' id='word_1_230' title='bbox 355 4016 392 4055; x_wconf 85' lang='lat' dir='ltr'><strong>ex</strong></span> <span class='ocrx_word' id='word_1_231' title='bbox 410 3999 452 4055; x_wconf 88' lang='lat' dir='ltr'><strong>ed.</strong></span> <span class='ocrx_word' id='word_1_232' title='bbox 474 4003 549 4062; x_wconf 77' lang='lat'>1658.</span> <span class='ocrx_word' id='word_1_233' title='bbox 573 4003 695 4071; x_wconf 85' lang='lat' dir='ltr'>(Waleh.</span> <span class='ocrx_word' id='word_1_234' title='bbox 713 4002 779 4058; x_wconf 86' lang='lat' dir='ltr'><strong>XIX</strong></span> <span class='ocrx_word' id='word_1_235' title='bbox 798 4019 824 4073; x_wconf 93' lang='lat' dir='ltr'><strong>p.</strong></span> <span class='ocrx_word' id='word_1_236' title='bbox 846 4001 899 4058; x_wconf 83' lang='lat'><strong>108</strong></span> <span class='ocrx_word' id='word_1_237' title='bbox 917 4006 946 4057; x_wconf 89' lang='lat' dir='ltr'><strong>et</strong></span> <span class='ocrx_word' id='word_1_238' title='bbox 964 4001 1057 4066; x_wconf 84' lang='grc'><strong>1773).</strong></span> 
     </span>
    </p>
   </div>
   <div class='ocr_carea' id='block_1_8' title="bbox 0 0 1594 4792">
    <p class='ocr_par' dir='ltr' id='par_1_18' title="bbox 0 0 1594 4792">
     <span class='ocr_line' id='line_1_40' title="bbox 0 0 1594 4792; baseline 0 0"><span class='ocrx_word' id='word_1_239' title='bbox 0 0 1594 4792; x_wconf 95' lang='lat' dir='ltr'><strong> </strong></span> 
     </span>
    </p>
   </div>
  </div>
 </body>
</html>
