3159 4792
369 538 431 609 ldss
478 588 483 598 .
599 542 708 601 Tassat.
729 545 840 601 Uonsol.
859 544 895 599 D.
912 540 947 599 ti.
967 546 1077 601 tumen

365 750 436 790 mur
456 730 574 792 disere:
613 730 679 791 Fiat
700 731 844 791 voluntas
865 739 935 808 tua,
966 732 1038 810 quia
1071 748 1130 790 nos
1158 748 1228 789 eam
1251 749 1292 790 ex

368 814 459 875 nobis
481 814 583 874 faeere
604 814 774 894 nequimus,
799 814 852 894 qui
872 815 977 895 potius
997 822 1126 874 mortem
1146 813 1291 873 timentes

369 908 498 958 mortem
520 904 552 957 et
572 905 733 977 peaeatum
754 916 903 976 amamus,
925 916 1018 978 quam
1039 897 1132 957 vitam
1155 901 1187 955 et
1207 897 1292 956 iusti·

368 982 440 1041 tiam
462 979 635 1061 diligamus.

450 1063 528 1123 Nam
560 1064 643 1142 quod
672 1069 803 1123 mortem
825 1064 909 1124 Deua
937 1064 969 1123 in
994 1062 1115 1144 peaeati
1143 1080 1290 1123 oceasum

249 1147 251 1158 '
369 1145 525 1224 ordinarit,
547 1146 618 1206 hina
639 1164 761 1226 quoque
783 1146 889 1227 colligi
910 1146 991 1219 lieet,
1014 1146 1097 1226 qnod
1119 1144 1209 1205 Adae
1230 1154 1291 1205 sta

367 1230 421 1289 tim
444 1238 516 1309 post
533 1238 695 1310 peeoatum
716 1230 865 1310 imposuit
884 1237 1013 1289 mortem
1027 1229 1112 1289 velut
1125 1228 1290 1289 emendam

367 1314 498 1392 pensati,
521 1316 613 1392 atque
635 1312 666 1375 id
688 1321 852 1392 antequam
876 1313 1002 1374 eiiaaret
1022 1312 1061 1372 de
1074 1311 1235 1393 paradiso:
1259 1320 1293 1371 ut

286 1457 291 1465 ,
368 1395 457 1456 nobis
481 1396 659 1456 ostenderet
682 1404 810 1456 mortem
833 1394 907 1455 nihil
929 1395 1021 1474 mali,
1045 1394 1099 1455 sed
1123 1414 1216 1455 omne
1237 1394 1292 1456 bo-

367 1498 439 1539 num
463 1478 552 1540 nobis
582 1481 719 1559 operari,
754 1478 877 1558 quando
907 1479 938 1538 in
973 1478 1116 1559 paradiso
1143 1486 1290 1558 tanquam
1404 1497 1405 1512 ¹

368 1563 558 1642 poenitentia
580 1570 611 1623 et
642 1562 810 1622 satisfactio
837 1562 982 1641 imposita
1008 1569 1065 1623 est.
1108 1562 1222 1621 Verum
1244 1569 1293 1620 eat

368 1646 461 1725 enim,
484 1644 566 1725 quod
591 1664 674 1706 more
696 1644 812 1705 invidia
833 1644 948 1706 diaboli
982 1645 1107 1705 intravit
1128 1645 1159 1704 in
1182 1644 1290 1705 orbem

368 1738 527 1806 terrarum,
549 1728 604 1789 sed
623 1728 683 1789 hoe
705 1729 837 1789 eximiae
858 1738 891 1789 et
910 1728 1034 1789 divinas
1055 1727 1202 1789 bonitatis
1224 1728 1289 1807 tuit,

370 1819 498 1872 mortem
522 1812 568 1871 sie
597 1813 766 1892 ingressam
801 1829 864 1872 nen
891 1812 994 1871 sinere
1020 1819 1137 1871 tantum
1166 1828 1293 1889 nosere,

368 1895 423 1954 sed
445 1893 670 1974 apprehensam
692 1896 723 1953 in
746 1896 866 1975 psoeati
878 1913 1011 1975 poenam
1024 1903 1056 1954 et
1070 1902 1201 1955 mortem
1216 1913 1292 1954 mox

368 1976 407 2037 ab
429 1977 515 2037 initio
538 1978 585 2037 sui
607 1977 757 2038 ordinare.

450 2059 518 2120 Hos
539 2061 621 2119 enim
644 2058 837 2140 significavit,
861 2060 944 2140 quod
966 2078 1035 2119 aum
1053 2069 1182 2121 mortem
1200 2059 1291 2120 Adae

302 2192 307 2201 .
367 2145 397 2201 in
420 2151 587 2223 praesepto
609 2143 823 2222 praedixisset,
846 2161 908 2203 non
931 2151 1033 2203 tamen
1052 2151 1163 2224 postea
1184 2146 1291 2219 tacuit,

367 2226 423 2287 sed
444 2225 547 2287 denuo
571 2232 698 2289 mortem
719 2228 883 2308 imposuit,
911 2247 949 2287 aa
975 2228 1108 2308 rigorem
1131 2228 1292 2309 praesepti

327 2358 328 2361 ,
367 2310 559 2390 temperavit,
581 2311 643 2371 imo
666 2330 705 2371 ne
726 2312 865 2371 meminit
885 2310 1008 2390 quidem
1024 2311 1131 2370 mortis
1146 2309 1210 2369 nlla
1230 2309 1291 2390 syl-

367 2393 452 2469 laba,
479 2392 534 2452 sed
556 2393 634 2453 dixit
657 2394 771 2454 solum:
807 2393 909 2453 Pulvis
931 2414 981 2472 es,
1010 2400 1043 2454 et
1068 2394 1099 2453 in
1129 2393 1290 2473 pulverem

367 2477 542 2554 reverteris,
565 2486 611 2554 et,
641 2476 743 2537 donee
773 2478 935 2537 revertaris
963 2477 993 2536 in
1017 2486 1145 2552 terram,
1167 2477 1206 2537 de
1229 2494 1292 2556 qua

367 2565 505 2638 sumptus
528 2578 577 2637 es3
612 2560 699 2639 quasi
728 2561 787 2619 iam
811 2566 884 2621 tuno
914 2560 986 2621 odio
1008 2560 1126 2621 habens
1148 2567 1290 2639 mortem,

367 2660 459 2721 quam
472 2660 529 2702 nea
540 2643 700 2703 nominare
712 2642 899 2723 dignaretur,
920 2644 1007 2703 iuxta
1019 2642 1111 2704 illud:
1134 2641 1289 2717 Quoniam

368 2726 415 2785 ira
437 2725 467 2783 in
490 2724 702 2805 indignatione
725 2727 805 2805 eius,
832 2734 864 2787 et
885 2726 948 2786 vita
976 2727 1008 2785 in
1032 2726 1190 2788 voluntate
1211 2728 1291 2803 eius,

366 2809 410 2869 ita
431 2807 513 2867 visus
535 2807 637 2887 loqui,
666 2809 765 2889 quod,
797 2810 856 2870 nisi
883 2828 965 2870 mors
987 2810 1163 2870 necessaria
1182 2810 1293 2870 fnisset

368 2891 408 2951 ad
427 2891 547 2969 peceati
570 2890 791 2971 abolitionem,
825 2894 924 2974 ipsam
952 2912 1011 2953 neo
1032 2894 1128 2975 seire,
1155 2912 1214 2953 neo
1234 2912 1290 2953 no-

367 2975 499 3053 minare,
523 2975 635 3035 nedum
663 2978 823 3053 imponere
845 2976 1001 3040 voluisset.
1052 2977 1143 3038 Adeo
1171 2977 1292 3036 scilieet

367 3065 476 3119 eontra
496 3066 669 3138 peecatum,
691 3060 773 3140 quod
789 3068 919 3121 mortem
933 3066 1094 3140 operatum
1108 3066 1164 3139 est,
1186 3080 1292 3120 rursus

367 3142 533 3203 aemulatio
565 3142 668 3205 divina
695 3162 757 3204 non
787 3142 871 3203 aliud
898 3151 989 3222 quam
1025 3144 1124 3203 isam
1159 3154 1291 3203 mortem

366 3231 480 3301 armat,
510 3235 542 3285 ut
563 3226 613 3284 hie
634 3225 740 3286 videas
761 3225 836 3286 illud
858 3234 987 3306 poetae:
1015 3163 1111 3290 idaeis
1139 3226 1291 3290 artifleem.

367 3312 432 3367 arte
453 3308 554 3387 perire
575 3327 645 3386 sua,
676 3316 707 3369 et
734 3317 894 3389 peeoatum
917 3329 937 3368 a
958 3329 1015 3372 suo
1037 3310 1135 3370 fruetu
1163 3312 1291 3390 proprio

367 3389 453 3470 perdi
475 3395 507 3450 et
528 3396 637 3533 ulrorte,
660 3410 750 3470 quam
773 3394 888 3472 genuit,
910 3393 1025 3467 oeaidi,
1053 3395 1131 3454 siant
1153 3395 1290 3474 viperam

367 3489 583 3553 nmma

448 3556 516 3619 lloe
561 3563 607 3617 est
642 3556 878 3637 pulcherrimum
919 3559 1128 3639 speetaoulum
1172 3561 1290 3636 videre,

367 3639 523 3719 quomodo
553 3648 714 3720 peoaatum
745 3661 808 3703 non
838 3642 956 3720 alieno,
993 3643 1049 3704 sed
1078 3663 1135 3705 suo
1163 3646 1291 3724 proprio

289 3728 293 3737 '
367 3742 461 3803 opere
483 3721 628 3803 perditur,
650 3742 706 3785 suo
731 3726 836 3802 gladio
848 3726 1003 3807 iugulatur
1014 3734 1046 3786 et
1067 3727 1153 3788 velut
1164 3726 1291 3788 Goliatlr

366 3824 423 3866 suo
457 3806 561 3887 gladio
589 3814 682 3887 eaput
709 3817 883 3888 amputatur
893 3807 942 3891 ⁴³).
997 3808 1076 3871 Nam
1104 3821 1137 3872 et
1163 3810 1291 3872 Goliatlt

365 3887 463 3969 ligura
483 3890 540 3950 fuit
559 3892 687 3970 peeaati,
710 3893 851 3963 terribilis
873 3894 962 3973 gigas
980 3893 1133 3972 omnibus,
1156 3903 1291 3975 excepto

437 4077 468 4144 ⁸)
488 4078 513 4131 1.
532 4077 609 4163 Sam.
629 4080 671 4135 17.
