3159 4792
524 485 559 543 de
579 492 698 559 utraque
714 491 809 559 speeie
824 486 1010 547 manu.
1168 490 1232 557 407

304 679 419 775 tiones,
441 696 518 758 quas
540 696 596 759 pro
620 676 806 743 stabilienda
825 678 1038 760 altasaspeeia
1054 680 1141 743 velut
1155 680 1231 743 ebuli

305 768 567 908 summm
586 842 674 923 quod¹
691 843 762 907 laiei
776 853 907 924 possent
923 844 1059 926 eredere,
1073 848 1112 919 ⁴in
1132 847 1232 909 altera

304 928 411 1008 speeie
446 946 510 991 non
540 933 657 995 tautum
695 926 812 1009 anaipi,
839 936 987 1008 qnantum
1027 930 1058 992 in
1092 938 1232 1011 utraque,

304 1010 389 1092 qnod
412 1016 495 1073 asset
517 1029 663 1091 magnum
684 1011 866 1091 perieulum.

368 1095 418 1158 52,
441 1092 537 1169 Quasi
565 1112 640 1154 vero
663 1113 728 1157 nou
752 1101 783 1159 et
809 1095 914 1159 aleriei
950 1094 1066 1158 eodem
1092 1096 1230 1177 periaulo
1273 1106 1290 1127 ⁹
1336 1159 1340 1168 ,

303 1178 351 1237 sie
373 1176 501 1239 eredere
521 1177 651 1256 possint,
673 1182 760 1237 utet
784 1178 845 1238 illis
863 1179 971 1240 merito
991 1179 1090 1242 altera
1110 1180 1230 1262 speeies

303 1258 471 1321 adimenda
488 1258 587 1321 buerit.

368 1344 416 1407 53.
438 1342 519 1419 Quid
541 1343 567 1403 si
579 1362 639 1423 ego
662 1348 771 1403 eontra
792 1344 933 1420 sentiam,
955 1362 1006 1404 ma
1027 1363 1090 1407 uon
1112 1351 1228 1405 tantum

303 1427 448 1506 aenipere
470 1425 587 1502 altera,
610 1432 757 1505 quantum
777 1427 928 1505 utraque?
950 1428 1023 1506 quia
1044 1446 1108 1488 non
1131 1434 1229 1490 totam

303 1508 419 1570 christi
440 1510 682 1587 institutionem,
717 1507 772 1569 sed
795 1509 953 1570 dimidiam
975 1510 1075 1571 solum
1098 1510 1229 1592 aaoipio.

366 1593 416 1656 54.
438 1591 545 1652 Altera
566 1592 644 1651 ratlo
668 1597 732 1668 est,
767 1592 850 1673 quod
878 1592 1036 1654 effusionis
1058 1593 1228 1673 perieulum

302 1674 344 1735 sit
364 1676 395 1735 in
417 1674 514 1752 laieis,
536 1675 623 1756 quasi
643 1673 746 1735 oleriai
767 1675 830 1737 hoe
852 1676 990 1755 periculo
1003 1674 1091 1736 liberi
1107 1675 1229 1754 fuen'nt,

302 1776 373 1819 eum
394 1752 520 1819 infinitis
544 1764 576 1819 et
602 1758 790 1836 quotidianis
822 1758 981 1840 pennulis,
1015 1762 1094 1821 teste
1121 1777 1227 1820 eorum

301 1841 381 1902 libro
415 1840 454 1901 de
484 1841 629 1919 cautelis,
660 1842 764 1902 vexati
798 1843 922 1922 saepius
944 1848 1028 1903 totos
1051 1842 1165 1903 ealiees
1187 1843 1228 1903 ef-

303 1924 447 1987 fuderint.
1131 1952 1136 1963 ·
1216 1978 1222 1989 .

325 2036 336 2059 ο
363 2011 414 2072 55.
435 2006 477 2067 Et
497 2005 569 2086 quid
592 2012 649 2079 eat,
672 2006 757 2085 quod
770 2006 909 2069 Christus
926 2008 983 2070 bas
1004 2009 1141 2069 rationes
1163 2024 1227 2069 uon

301 2089 514 2171 perpenderit,
544 2108 604 2150 usa
626 2091 758 2152 eeolesia
786 2098 899 2171 postea
929 2090 1001 2153 illis
1021 2098 1108 2153 mota
1126 2091 1227 2163 buerit,

301 2173 405 2237 denes
426 2173 465 2235 ad
487 2176 566 2233 istas
586 2172 803 2237 muotisaimos'
821 2175 928 2237 asinos
954 2180 1139 2254 perventum
1159 2174 1228 2235 est?

364 2259 416 2323 56.
437 2257 541 2319 ‘l'ertis
561 2256 640 2319 ratio
663 2257 760 2337 louge
781 2258 984 2332 suauissima,
1011 2258 1083 2336 quia
1104 2258 1137 2319 iu
1155 2256 1228 2403 teqq

302 2339 379 2401 nibil
411 2338 567 2403 habebant
597 2338 637 2400 de
666 2339 831 2420 libamine,
864 2339 1047 2419 offerentes,
1082 2359 1155 2404 num

302 2422 456 2485 montinio
477 2422 636 2487 habetest

365 2509 416 2571 57.
438 2505 505 2565 Hae
527 2506 647 2566 ratione
670 2524 728 2570 nee
749 2506 929 2569 sanandotea
963 2506 1147 2587 partieipare
1174 2506 1227 2567 de·

303 2589 379 2652 baut
399 2589 497 2651 saliae
516 2589 658 2665 Domini,
693 2589 764 2668 qnia
792 2588 927 2652 libamen
948 2608 1009 2653 nae
1028 2590 1104 2670 ipsis
1126 2608 1225 2651 saeer-

302 2671 427 2735 dotibus
449 2671 744 2737 eommsuibsbatur.

366 2757 416 2821 58.
439 2753 631 2835 Quamquam
654 2774 735 2834 quaa
764 2755 925 2837 proportio
954 2758 1009 2815 aut
1029 2754 1127 2835 ligura
1153 2753 1227 2817 libs·

304 2839 397 2901 minis
417 2838 458 2901 ad
476 2838 626 2917 mliaetn,
654 2844 708 2900 aut
738 2856 819 2917 quae
840 2838 1065 2915 consequentia
1084 2837 1165 2916 legis
1186 2836 1226 2897 ad

304 2921 522 3003 evangelium?

367 3007 417 3070 59.
439 3004 517 3065 Tum
551 3004 631 3065 enim
661 3004 797 3064 maxime
818 3002 972 3063 Christum
1000 3001 1139 3080 oportuit
1165 3000 1228 3063 boa

303 3088 481 3164 observma,
504 3094 664 3154 neauutrs
683 3085 819 3149 libamen
840 3087 872 3147 in
893 3084 965 3165 lage
980 3090 1140 3163 utramque
1157 3101 1227 3164 spa·

307 3173 387 3233 aiens
410 3177 567 3235 statueret,

369 3257 418 3320 60.
442 3252 559 3329 Quarta
578 3259 627 3315 est
653 3252 817 3317 absolutae
842 3250 1032 3331 sapientiae,
1065 3256 1099 3311 et
1135 3248 1228 3329 plane

303 3336 452 3418 sophistis
486 3344 517 3398 at
548 3337 716 3399 aanoubtis
748 3334 877 3416 dignae,
911 3353 1002 3413 quam
1030 3334 1062 3395 in
1095 3332 1227 3398 comitiis

305 3421 468 3501 Augustae
486 3420 690 3501 protulerunt.
1280 3460 1295 3475 .

367 3506 417 3568 61.
440 3503 579 3580 Seilioet,
619 3502 702 3581 quod
740 3501 810 3561 liliis
843 3500 902 3571 Eli,
938 3503 965 3562 l.
988 3500 1065 3579 Reg.
1087 3499 1123 3576 2,
1143 3497 1228 3558 Deus

304 3604 439 3666 posnam
462 3587 610 3658 statuerit,
632 3593 666 3646 nt
680 3592 799 3665 partem
814 3582 1040 3647 saosrdotalam
1053 3579 1229 3643 mendieare

305 3668 449 3733 debeant.

368 3754 418 3819 62.
442 3752 543 3815 Luam
581 3750 622 3812 de
653 3749 883 3826 aasudotibus,
921 3754 1008 3829 parte
1043 3744 1230 3808 saeerdotali

306 3834 486 3917 puniendis,
514 3835 665 3915 loquitur,
695 3831 740 3896 illi
761 3839 905 3913 torquent
926 3830 965 3892 ad
987 3829 1151 3891 eeclesiam
1173 3848 1230 3891 seu

306 3920 404 3981 laisa
424 3927 621 3981 ademto
644 3916 835 3998 monendos.

368 4004 419 4071 63.
439 4002 524 4083 blrgo
557 4002 647 4065 luatis
675 4000 745 4080 ills,
779 4000 807 4061 si
839 3994 913 4078 qnid
937 3992 1092 4073 mouet,
1130 4012 1231 4057 neer-
