3159 4792
352 496 396 565 76
570 500 658 571 aprus
672 508 781 571 renen
799 509 901 573 aaut
919 504 1043 555 virorum

432 685 558 752 Interim
577 692 645 747 esto
668 688 715 747 vir
734 687 832 763 tortis,
854 693 886 753 et
906 687 1068 767 accingere
1089 684 1194 768 gladio
1215 692 1269 745 tuo

352 790 444 850 super
477 770 576 830 lemur
601 778 686 830 tuum
719 771 943 850 potentissime.
991 770 1158 849 Postquam
1188 770 1269 829 enim

351 873 407 935 pro
429 872 507 933 pace
528 863 580 913 tua
600 852 752 915 mediator
764 854 901 935 ingratus
913 854 966 931 fui,
987 852 1117 933 placebo
1139 853 1271 913 fortasse

352 943 561 997 concertator:
599 956 662 997 uon
692 936 774 1015 qnod
807 937 932 997 vincere
953 937 1185 1016 proposuerim,
1218 934 1271 995 sed

352 1018 435 1099 quod
456 1026 529 1100 post
550 1020 693 1081 victorina
705 1020 992 1096 tuasPnnuonicas,
1012 1018 1272 1101 Langobardicas,

354 1102 532 1165 Baioaricas
558 1101 669 1172 (modo
692 1102 748 1164 tibi
768 1102 947 1177 credemus)
978 1105 1102 1163 occasio
1124 1102 1179 1163 tibi
1200 1100 1272 1163 fiam

353 1186 512 1247 obtinendi
532 1187 684 1261 nominis,
723 1205 784 1265 quo
817 1194 849 1247 et
870 1186 1042 1249 Saronicus
1074 1192 1106 1246 et
1125 1185 1272 1245 Minnione

353 1268 570 1349 triumphator,
599 1289 638 1330 aa
657 1270 683 1329 si
703 1269 812 1345 voles,
846 1289 969 1349 semper
985 1271 1140 1349 Augustus
1163 1267 1274 1329 salute·

354 1354 395 1413 ris
417 1354 447 1412 in
471 1360 640 1428 aeternum,
661 1371 699 1412 ac
719 1354 766 1413 sic
788 1353 917 1433 gloriam
933 1350 965 1422 ¹)
993 1352 1123 1431 adeptus
1135 1353 1275 1431 quiescas

351 1437 438 1497 iuxta
446 1434 585 1517 Magistri
605 1436 649 1495 tui
670 1438 868 1497 sententiam:
890 1435 1051 1497 Habitibus
1072 1433 1275 1496 existentibus

352 1520 383 1579 in
413 1519 671 1593 materia,cessnt
692 1526 804 1580 motus.
854 1518 1037 1597 Quanquam
1067 1518 1207 1598 mallem,
1240 1524 1275 1577 ut

303 1614 306 1623 '
352 1610 541 1679 monstrum,
576 1600 660 1683 quod
687 1601 823 1663 iamdiu
850 1603 882 1662 in
903 1621 954 1663 me
975 1601 1049 1677 alis,
1084 1612 1114 1661 et
1137 1600 1220 1683 quod
1242 1607 1275 1663 te

353 1685 434 1755 male
454 1685 564 1765 habet,
585 1683 750 1765 aliqnando
773 1705 913 1765 pareres,
935 1692 966 1745 et
986 1704 1142 1763 nauseas,
1164 1684 1275 1764 quibus

353 1768 532 1831 stomachus
554 1776 623 1829 tuus
652 1768 857 1848 periclitatur,
891 1768 1015 1829 tandem
1048 1786 1207 1830 evomeres
1241 1768 1274 1827 in

352 1851 505 1931 publicum
528 1853 680 1931 minisque
700 1850 760 1910 illis
779 1852 838 1911 tuis
852 1850 986 1913 basilicis
1005 1857 1036 1911 et
1054 1850 1197 1931 gloriosis
1218 1870 1276 1931 per

353 1935 458 1995 omnia
478 1933 572 1993 tinem
592 1936 776 2013 imponeres.

435 2016 496 2077 Sed
515 2015 556 2076 ad
577 2024 608 2076 te
630 2022 777 2095 revertor,
800 2018 915 2096 optime
935 2014 1075 2094 Andron,
1097 2018 1128 2076 et
1151 2035 1217 2094 oro,
1238 2022 1274 2079 ut

350 2118 413 2159 uua
433 2117 553 2159 mecum
580 2098 619 2159 ad
641 2098 795 2160 illustriss.
816 2100 1003 2179 Principem,
1035 2099 1152 2160 Ducem
1175 2098 1273 2161 Geor-

350 2182 453 2263 gium,
483 2181 752 2263 prudentissimum
782 2201 905 2262 quoque
935 2182 1083 2246 Senatum
1103 2180 1270 2261 Lipsiae2)

351 2265 485 2345 scribas,
518 2266 544 2326 si
566 2285 627 2345 qua
653 2266 817 2347 dignentur
842 2265 933 2327 nobis
955 2264 1080 2327 domum
1101 2265 1150 2325 vel
1172 2264 1274 2345 profu·

351 2369 422 2410 nam
451 2349 482 2409 in
520 2348 580 2409 boc
608 2349 965 2429 negotiumfcollocarc.
1009 2348 1091 2419 ,Nam
1129 2350 1273 2429 egregios

351 2431 503 2493 Dominos
532 2432 685 2492 Doctores
717 2430 756 2491 de
789 2432 996 2494 Universitste
1032 2433 1153 2512 penitus
1197 2431 1272 2493 nolo

350 2514 439 2576 huius
452 2513 588 2594 periculo
609 2514 713 2576 iudicii
735 2516 866 2592 onerari,
888 2515 971 2595 quod
993 2514 1273 2595 etprudentissime

350 2603 538 2659 recusarunt.
590 2596 670 2672 Quin
706 2596 738 2657 id
768 2598 932 2674 iaciemus,
971 2596 1110 2659 adductis
1144 2598 1273 2659 notariis

351 2678 482 2755 duobus,
504 2685 632 2759 uterque
652 2678 765 2741 Eccius
786 2688 818 2741 et
838 2680 1005 2757 Lutherus,
1041 2688 1073 2741 et
1100 2680 1126 2741 si
1147 2682 1199 2759 qui
1220 2680 1273 2740 alii

349 2762 432 2823 idem
454 2764 559 2840 velint,
581 2761 620 2822 ad
641 2783 764 2823 manum
778 2765 968 2826 uotadorum
990 2763 1085 2823 dictet
1106 2781 1162 2823 sua
1183 2782 1275 2843 argu-

352 2852 456 2906 msnta
495 2855 526 2910 et
551 2846 779 2926 responsiones.
831 2842 923 2929 Quod
953 2865 990 2907 eo
1022 2846 1102 2907 lacis
1131 2846 1274 2923 consilio,

353 2948 393 2990 ne
415 2937 447 2989 et
467 2930 557 2991 nobis
577 2928 671 2990 foede
692 2928 903 2992 illaiactantia
926 2936 956 2991 et
976 2930 1164 2990 frustranens
1184 2928 1275 2989 labor

352 3013 519 3094 contingat,
542 3031 622 3091 quae
636 3012 667 3072 in
679 3012 850 3074 Viennensi
874 3011 1080 3093 disputatione
1093 3012 1178 3073 Eccii
1190 3011 1274 3071 vide·
1334 3008 1338 3011 ’

353 3101 420 3172 tur,
453 3103 516 3157 tum
551 3099 584 3156 ut
614 3096 730 3157 clamor
756 3102 788 3157 et
814 3102 919 3177 gestus
946 3096 1127 3174 importuni,
1163 3095 1273 3177 quibus

352 3177 455 3239 solent
486 3186 629 3241 aestuare
657 3186 687 3239 et
719 3177 849 3258 perdere
875 3178 1036 3247 veritatem
1058 3178 1156 3239 noshi
1177 3178 1274 3239 seculi

353 3258 575 3340 disputatores,
609 3259 824 3338 cohibeantur,
854 3260 1083 3325 omnia'autem
1104 3262 1155 3325 vel
1175 3262 1275 3341 possi·

351 3342 405 3405 bili
427 3342 580 3406 modestia
600 3344 630 3403 in
653 3342 756 3403 literas
777 3344 1032 3423 pronuncientur,
1048 3351 1147 3425 ¹atque
1169 3363 1206 3404 ea
1229 3344 1275 3405 sic

351 3426 383 3489 in
411 3426 515 3489 literas
547 3425 645 3486 relata
679 3425 780 3486 offerri
818 3427 939 3506 possint
960 3426 1031 3488 Sedi
1060 3426 1272 3507 Apostolicae,

352 3508 515 3591 Episcopis
539 3515 569 3569 et
590 3509 683 3569 totius
705 3508 867 3577 Christiani
891 3509 973 3570 orbis
996 3508 1110 3570 iudicio
1125 3511 1169 3585 3).

686 3591 834 3653 Martinus
856 3591 1016 3671 Lutherus,
1038 3593 1167 3673 August.
1182 3590 1230 3668 ⁴¹).

426 3740 456 3800 1)
476 3738 507 3791 In
542 3738 585 3793 ad.
610 3739 754 3792 Baailiensi
784 3737 829 3791 hic
860 3743 923 3806 post
946 3739 1066 3807 gloriam
1095 3740 1272 3793 intersertum

351 3809 467 3878 legitur:
497 3808 561 3865 ulls:
586 3806 736 3876 ἀναιδείην
755 3807 909 3881 ἐπιειμένε.
947 3810 1025 3879 2),Ιη
1049 3810 1092 3863 ed.
1113 3812 1185 3866 len:
1213 3812 1273 3879 Lip-

353 3897 470 3935 sensam.
509 3881 541 3949 3)
562 3880 666 3935 Ibidem
686 3881 811 3934 additum
833 3887 889 3936 est:
917 3880 999 3935 Anno
1018 3882 1153 3936 nonni.
1191 3882 1220 3935 tl
1244 3884 1273 3935 ln

351 3952 417 4010 edit.
429 3952 603 4009 deWettiane
611 3954 721 4007 Lutheri
735 3954 890 4007 uomensic
900 3953 1082 4023 subscriptum
1095 3958 1150 4009 est:
1161 3954 1190 4010 F.
1203 3954 1270 4006 binr-

353 4025 426 4077 tinus
444 4022 592 4092 Lntherna,
610 4024 728 4095 August.
793 4074 794 4081 ,
828 4070 829 4077 ,
865 4046 867 4053 ¹
901 4072 914 4088 .,
1152 4049 1155 4063 =
